Time,Ask,Bid,AskVolume,BidVolume
22.03.2013 00:07:03.250,450.390,450.000,0.00,0.00
22.03.2013 00:14:16.312,450.585,450.000,0.00,0.00
22.03.2013 00:29:18.187,450.877,450.000,0.00,0.00
22.03.2013 00:44:16.609,451.316,450.000,0.00,0.00
22.03.2013 00:59:19.296,451.974,450.000,0.00,0.00
22.03.2013 01:14:18.531,452.961,450.000,0.00,0.00
22.03.2013 01:19:43.937,454.442,450.000,0.00,0.00
22.03.2013 01:30:32.562,456.663,450.000,0.00,0.00
22.03.2013 01:45:07.015,459.995,450.000,0.00,0.00
22.03.2013 02:01:24.078,464.993,450.000,0.00,0.00
22.03.2013 02:16:34.484,472.489,450.000,0.00,0.00
22.03.2013 02:31:37.796,483.733,450.000,0.00,0.00
22.03.2013 02:46:30.968,500.000,450.000,0.00,0.00
22.03.2013 03:02:15.078,500.000,450.000,0.00,0.00
22.03.2013 03:17:11.468,500.000,450.000,0.00,0.00
22.03.2013 03:31:46.140,500.000,450.000,0.00,0.00
22.03.2013 03:46:44.578,500.000,450.000,0.00,0.00
22.03.2013 04:02:00.265,500.000,450.000,0.00,0.00
22.03.2013 04:16:47.515,500.000,450.000,0.00,0.00
22.03.2013 04:32:22.718,500.000,450.000,0.00,0.00
22.03.2013 04:47:35.156,500.000,450.000,0.00,0.00
22.03.2013 05:02:52.687,500.000,450.000,0.00,0.00
22.03.2013 05:17:54.359,500.000,450.000,0.00,0.00
22.03.2013 05:32:50.359,500.000,450.000,0.00,0.00
22.03.2013 05:47:50.390,500.000,450.000,0.00,0.00
22.03.2013 06:02:40.296,500.000,450.000,0.00,0.00
22.03.2013 06:17:57.406,500.000,450.000,0.00,0.00
22.03.2013 06:33:02.328,500.000,450.000,0.00,0.00
22.03.2013 06:48:24.312,500.000,450.000,0.00,0.00
22.03.2013 07:03:27.218,500.000,450.000,0.00,0.00
22.03.2013 07:18:31.109,500.000,450.000,0.00,0.00
22.03.2013 07:32:37.718,500.000,450.000,0.00,0.00
22.03.2013 07:33:44.953,500.000,450.000,0.00,0.00
22.03.2013 07:47:53.234,500.000,450.000,0.00,0.00
22.03.2013 07:59:56.250,455.120,453.050,0.00,0.00
22.03.2013 08:02:01.703,455.120,453.050,0.00,0.00
22.03.2013 08:02:42.125,455.120,453.050,0.00,0.00
22.03.2013 08:14:00.687,455.120,453.050,0.00,0.00
22.03.2013 08:17:44.843,455.120,453.050,0.00,0.00
22.03.2013 08:28:33.125,455.120,453.050,0.00,0.00
22.03.2013 08:32:18.234,454.000,453.050,0.00,0.00
22.03.2013 08:33:18.265,454.000,453.050,0.00,0.00
22.03.2013 08:42:57.093,454.000,453.050,0.00,0.00
22.03.2013 08:48:11.296,454.000,453.050,0.00,0.00
22.03.2013 08:57:13.312,454.000,453.050,0.00,0.00
22.03.2013 08:57:20.859,454.000,453.050,0.00,0.00
22.03.2013 08:58:08.500,454.000,453.050,0.00,0.00
22.03.2013 08:58:08.515,454.000,453.050,0.00,0.00
22.03.2013 08:58:08.531,454.000,453.050,0.00,0.00
22.03.2013 08:58:08.562,454.000,453.050,0.00,0.00
22.03.2013 08:58:08.578,454.000,453.050,0.00,0.00
22.03.2013 08:58:08.593,454.000,453.050,0.00,0.00
22.03.2013 08:58:08.609,454.000,453.050,0.00,0.00
22.03.2013 08:58:08.625,454.000,453.050,0.00,0.00
22.03.2013 08:58:08.656,454.000,453.050,0.00,0.00
22.03.2013 08:58:08.671,454.000,453.050,0.00,0.00
22.03.2013 08:58:08.687,454.000,453.050,0.00,0.00
22.03.2013 08:58:08.703,454.000,453.050,0.00,0.00
22.03.2013 08:58:08.718,454.000,453.050,0.00,0.00
22.03.2013 08:58:08.734,454.000,453.050,0.00,0.00
22.03.2013 08:58:08.750,454.000,453.050,0.00,0.00
22.03.2013 08:58:08.765,454.000,453.050,0.00,0.00
22.03.2013 08:58:08.781,454.000,453.050,0.00,0.00
22.03.2013 08:58:08.796,454.000,453.050,0.00,0.00
22.03.2013 08:58:08.812,454.000,453.050,0.00,0.00
22.03.2013 08:58:08.828,454.000,453.050,0.00,0.00
22.03.2013 08:58:08.843,454.000,453.050,0.00,0.00
22.03.2013 08:58:08.859,454.000,453.050,0.00,0.00
22.03.2013 08:58:08.875,454.000,453.050,0.00,0.00
22.03.2013 08:58:08.890,454.000,453.050,0.00,0.00
22.03.2013 08:58:08.906,454.000,453.050,0.00,0.00
22.03.2013 08:58:08.937,454.000,453.050,0.00,0.00
22.03.2013 09:00:23.218,454.000,453.050,0.00,0.00
22.03.2013 09:00:23.250,454.000,453.050,0.00,0.00
22.03.2013 09:00:23.296,454.000,453.050,0.00,0.00
22.03.2013 09:00:23.312,454.000,453.050,0.00,0.00
22.03.2013 09:00:23.328,454.000,453.050,0.00,0.00
22.03.2013 09:00:23.359,454.000,453.050,0.00,0.00
22.03.2013 09:00:23.375,454.000,453.050,0.00,0.00
22.03.2013 09:00:23.390,454.000,453.050,0.00,0.00
22.03.2013 09:00:23.406,454.000,453.050,0.00,0.00
22.03.2013 09:00:23.421,454.000,453.050,0.00,0.00
22.03.2013 09:00:23.453,454.000,453.050,0.00,0.00
22.03.2013 09:00:23.468,454.000,453.050,0.00,0.00
22.03.2013 09:00:23.484,454.000,453.050,0.00,0.00
22.03.2013 09:00:23.515,454.000,453.050,0.00,0.00
22.03.2013 09:00:23.531,454.000,453.050,0.00,0.00
22.03.2013 09:00:23.546,454.000,453.050,0.00,0.00
22.03.2013 09:00:23.593,454.000,453.050,0.00,0.00
22.03.2013 09:00:23.609,454.000,453.050,0.00,0.00
22.03.2013 09:00:23.625,454.000,453.050,0.00,0.00
22.03.2013 09:00:23.640,454.000,453.050,0.00,0.00
22.03.2013 09:00:23.656,454.000,453.050,0.00,0.00
22.03.2013 09:00:23.671,454.000,453.050,0.00,0.00
22.03.2013 09:00:23.796,454.000,453.050,0.00,0.00
22.03.2013 09:00:23.828,454.000,453.050,0.00,0.00
22.03.2013 09:00:23.843,454.000,453.050,0.00,0.00
22.03.2013 09:00:23.859,454.000,453.050,0.00,0.00
22.03.2013 09:00:23.906,454.000,453.050,0.00,0.00
22.03.2013 09:00:23.921,454.000,453.050,0.00,0.00
22.03.2013 09:00:23.937,454.000,453.050,0.00,0.00
22.03.2013 09:00:23.953,454.000,453.050,0.00,0.00
22.03.2013 09:00:23.968,454.000,453.050,0.00,0.00
22.03.2013 09:00:23.984,454.000,453.050,0.00,0.00
22.03.2013 09:00:24.000,454.000,453.050,0.00,0.00
22.03.2013 09:00:27.000,454.000,453.050,0.00,0.00
22.03.2013 09:00:27.015,454.000,453.050,0.00,0.00
22.03.2013 09:00:27.031,454.000,453.050,0.00,0.00
22.03.2013 09:00:27.046,454.000,453.050,0.00,0.00
22.03.2013 09:00:27.062,454.000,453.050,0.00,0.00
22.03.2013 09:00:27.078,454.000,453.050,0.00,0.00
22.03.2013 09:00:27.093,454.000,453.050,0.00,0.00
22.03.2013 09:00:27.109,454.000,453.050,0.00,0.00
22.03.2013 09:00:27.125,454.000,453.050,0.00,0.00
22.03.2013 09:00:27.140,454.000,453.050,0.00,0.00
22.03.2013 09:00:27.343,454.000,453.050,0.00,0.00
22.03.2013 09:00:27.359,454.000,453.050,0.00,0.00
22.03.2013 09:00:27.390,454.000,453.050,0.00,0.00
22.03.2013 09:00:27.406,454.000,453.050,0.00,0.00
22.03.2013 09:00:27.453,454.000,453.050,0.00,0.00
22.03.2013 09:00:27.484,454.000,453.050,0.00,0.00
22.03.2013 09:00:27.656,454.000,453.050,0.00,0.00
22.03.2013 09:00:27.671,454.000,453.050,0.00,0.00
22.03.2013 09:00:27.687,454.000,453.050,0.00,0.00
22.03.2013 09:00:27.734,454.000,453.050,0.00,0.00
22.03.2013 09:00:27.750,454.000,453.050,0.00,0.00
22.03.2013 09:00:27.765,454.000,453.050,0.00,0.00
22.03.2013 09:00:27.796,454.000,453.050,0.00,0.00
22.03.2013 09:00:27.812,454.000,453.050,0.00,0.00
22.03.2013 09:00:27.906,454.000,453.050,0.00,0.00
22.03.2013 09:00:27.921,454.000,453.050,0.00,0.00
22.03.2013 09:00:27.953,454.000,453.050,0.00,0.00
22.03.2013 09:00:27.968,454.000,453.050,0.00,0.00
22.03.2013 09:00:27.984,454.000,453.050,0.00,0.00
22.03.2013 09:00:28.000,454.000,453.050,0.00,0.00
22.03.2013 09:00:28.218,454.000,453.050,0.00,0.00
22.03.2013 09:00:28.234,454.000,453.050,0.00,0.00
22.03.2013 09:00:28.250,454.000,453.050,0.00,0.00
22.03.2013 09:00:28.312,454.000,453.050,0.00,0.00
22.03.2013 09:00:28.328,454.000,453.050,0.00,0.00
22.03.2013 09:00:38.546,454.000,453.050,0.00,0.00
22.03.2013 09:00:38.562,454.000,453.050,0.00,0.00
22.03.2013 09:00:38.578,454.000,453.050,0.00,0.00
22.03.2013 09:00:38.593,454.000,453.050,0.00,0.00
22.03.2013 09:00:38.609,454.000,453.050,0.00,0.00
22.03.2013 09:00:38.625,454.000,453.050,0.00,0.00
22.03.2013 09:00:38.640,454.000,453.050,0.00,0.00
22.03.2013 09:00:38.656,454.000,453.050,0.00,0.00
22.03.2013 09:00:38.671,454.000,453.050,0.00,0.00
22.03.2013 09:00:38.687,454.000,453.050,0.00,0.00
22.03.2013 09:00:38.703,454.000,453.050,0.00,0.00
22.03.2013 09:00:38.718,454.000,453.050,0.00,0.00
22.03.2013 09:00:38.734,454.000,453.050,0.00,0.00
22.03.2013 09:00:38.765,454.000,453.050,0.00,0.00
22.03.2013 09:00:38.781,454.000,453.050,0.00,0.00
22.03.2013 09:00:38.796,454.000,453.050,0.00,0.00
22.03.2013 09:00:38.812,454.000,453.050,0.00,0.00
22.03.2013 09:00:38.828,454.000,453.050,0.00,0.00
22.03.2013 09:00:38.843,454.000,453.050,0.00,0.00
22.03.2013 09:00:38.859,454.000,453.050,0.00,0.00
22.03.2013 09:00:38.875,454.000,453.050,0.00,0.00
22.03.2013 09:00:38.890,454.000,453.050,0.00,0.00
22.03.2013 09:00:38.906,454.000,453.050,0.00,0.00
22.03.2013 09:00:38.921,454.000,453.050,0.00,0.00
22.03.2013 09:00:38.937,454.000,453.050,0.00,0.00
22.03.2013 09:00:38.953,454.000,453.050,0.00,0.00
22.03.2013 09:00:39.000,454.000,453.050,0.00,0.00
22.03.2013 09:00:39.015,454.000,453.050,0.00,0.00
22.03.2013 09:00:39.046,454.000,453.050,0.00,0.00
22.03.2013 09:00:39.062,454.000,453.050,0.00,0.00
22.03.2013 09:00:39.078,454.000,453.050,0.00,0.00
22.03.2013 09:00:39.093,454.000,453.050,0.00,0.00
22.03.2013 09:00:39.109,454.000,453.050,0.00,0.00
22.03.2013 09:00:39.125,454.000,453.050,0.00,0.00
22.03.2013 09:00:39.140,454.000,453.050,0.00,0.00
22.03.2013 09:00:39.156,454.000,453.050,0.00,0.00
22.03.2013 09:00:39.203,454.000,453.050,0.00,0.00
22.03.2013 09:00:39.218,454.000,453.050,0.00,0.00
22.03.2013 09:00:39.234,454.000,453.050,0.00,0.00
22.03.2013 09:00:39.250,454.000,453.050,0.00,0.00
22.03.2013 09:00:39.281,454.000,453.050,0.00,0.00
22.03.2013 09:00:39.296,454.000,453.050,0.00,0.00
22.03.2013 09:00:39.312,454.000,453.050,0.00,0.00
22.03.2013 09:00:39.343,454.000,453.050,0.00,0.00
22.03.2013 09:00:39.359,454.000,453.050,0.00,0.00
22.03.2013 09:00:39.375,454.000,453.050,0.00,0.00
22.03.2013 09:00:39.390,454.000,453.050,0.00,0.00
22.03.2013 09:00:39.406,454.000,453.050,0.00,0.00
22.03.2013 09:00:39.437,454.000,453.050,0.00,0.00
22.03.2013 09:00:39.453,454.000,453.050,0.00,0.00
22.03.2013 09:00:39.468,454.000,453.050,0.00,0.00
22.03.2013 09:00:39.484,454.000,453.050,0.00,0.00
22.03.2013 09:00:39.500,454.000,453.050,0.00,0.00
22.03.2013 09:00:39.843,454.000,453.050,0.00,0.00
22.03.2013 09:00:39.859,454.000,453.050,0.00,0.00
22.03.2013 09:00:39.875,454.000,453.050,0.00,0.00
22.03.2013 09:00:39.890,454.000,453.050,0.00,0.00
22.03.2013 09:00:40.000,454.000,453.050,0.00,0.00
22.03.2013 09:00:40.062,454.000,453.050,0.00,0.00
22.03.2013 09:00:40.156,454.000,453.050,0.00,0.00
22.03.2013 09:00:40.390,454.000,453.050,0.00,0.00
22.03.2013 09:00:40.406,454.000,453.050,0.00,0.00
22.03.2013 09:00:40.656,454.000,453.050,0.00,0.00
22.03.2013 09:00:40.812,454.000,453.050,0.00,0.00
22.03.2013 09:00:40.828,454.000,453.050,0.00,0.00
22.03.2013 09:00:40.843,454.000,453.050,0.00,0.00
22.03.2013 09:00:51.656,454.000,453.050,0.00,0.00
22.03.2013 09:00:51.671,454.000,453.050,0.00,0.00
22.03.2013 09:00:51.687,454.000,453.050,0.00,0.00
22.03.2013 09:00:51.703,454.000,453.050,0.00,0.00
22.03.2013 09:00:51.718,454.000,453.050,0.00,0.00
22.03.2013 09:02:40.250,454.000,453.050,0.00,0.00
22.03.2013 09:02:40.265,454.000,453.050,0.00,0.00
22.03.2013 09:02:40.281,454.000,453.050,0.00,0.00
22.03.2013 09:02:40.328,454.000,453.050,0.00,0.00
22.03.2013 09:02:40.343,454.000,453.050,0.00,0.00
22.03.2013 09:02:40.359,454.000,453.050,0.00,0.00
22.03.2013 09:02:40.375,454.000,453.050,0.00,0.00
22.03.2013 09:02:40.390,454.000,453.050,0.00,0.00
22.03.2013 09:02:40.406,454.000,453.050,0.00,0.00
22.03.2013 09:02:40.421,454.000,453.050,0.00,0.00
22.03.2013 09:02:40.437,454.000,453.050,0.00,0.00
22.03.2013 09:02:40.453,454.000,453.050,0.00,0.00
22.03.2013 09:02:40.468,454.000,453.050,0.00,0.00
22.03.2013 09:02:40.484,454.000,453.050,0.00,0.00
22.03.2013 09:02:40.500,454.000,453.050,0.00,0.00
22.03.2013 09:02:40.515,454.000,453.050,0.00,0.00
22.03.2013 09:02:40.531,454.000,453.050,0.00,0.00
22.03.2013 09:02:40.546,454.000,453.050,0.00,0.00
22.03.2013 09:02:40.562,454.000,453.050,0.00,0.00
22.03.2013 09:02:40.578,454.000,453.050,0.00,0.00
22.03.2013 09:02:40.593,454.000,453.050,0.00,0.00
22.03.2013 09:02:40.609,454.000,453.050,0.00,0.00
22.03.2013 09:02:40.625,454.000,453.050,0.00,0.00
22.03.2013 09:02:40.640,454.000,453.050,0.00,0.00
22.03.2013 09:02:40.656,454.000,453.050,0.00,0.00
22.03.2013 09:02:40.671,454.000,453.050,0.00,0.00
22.03.2013 09:02:40.687,454.000,453.050,0.00,0.00
22.03.2013 09:02:40.703,454.000,453.050,0.00,0.00
22.03.2013 09:02:40.718,454.000,453.050,0.00,0.00
22.03.2013 09:02:40.734,454.000,453.050,0.00,0.00
22.03.2013 09:02:40.750,454.000,453.050,0.00,0.00
22.03.2013 09:02:40.765,454.000,453.050,0.00,0.00
22.03.2013 09:02:40.781,454.000,453.050,0.00,0.00
22.03.2013 09:02:40.796,454.000,453.050,0.00,0.00
22.03.2013 09:02:40.812,454.000,453.050,0.00,0.00
22.03.2013 09:02:40.828,454.000,453.050,0.00,0.00
22.03.2013 09:02:40.843,454.000,453.050,0.00,0.00
22.03.2013 09:02:40.859,454.000,453.050,0.00,0.00
22.03.2013 09:02:40.875,454.000,453.050,0.00,0.00
22.03.2013 09:02:40.890,454.000,453.050,0.00,0.00
22.03.2013 09:02:40.906,454.000,453.050,0.00,0.00
22.03.2013 09:02:40.921,454.000,453.050,0.00,0.00
22.03.2013 09:02:40.937,454.000,453.050,0.00,0.00
22.03.2013 09:02:40.953,454.000,453.050,0.00,0.00
22.03.2013 09:02:40.968,454.000,453.050,0.00,0.00
22.03.2013 09:02:40.984,454.000,453.050,0.00,0.00
22.03.2013 09:02:41.000,454.000,453.050,0.00,0.00
22.03.2013 09:02:41.015,454.000,453.050,0.00,0.00
22.03.2013 09:02:41.031,454.000,453.050,0.00,0.00
22.03.2013 09:03:04.843,454.000,453.050,0.00,0.00
22.03.2013 09:03:48.156,454.000,453.050,0.00,0.00
22.03.2013 09:04:11.468,454.000,453.050,0.00,0.00
22.03.2013 09:04:58.218,454.000,453.050,0.00,0.00
22.03.2013 09:05:21.656,454.000,453.050,0.00,0.00
22.03.2013 09:12:17.781,454.000,453.050,0.00,0.00
22.03.2013 09:18:13.859,454.000,453.050,0.00,0.00
22.03.2013 09:26:56.609,454.000,453.050,0.00,0.00
22.03.2013 09:29:33.375,454.475,453.050,0.00,0.00
22.03.2013 09:33:47.937,454.000,453.050,0.00,0.00
22.03.2013 09:38:21.187,454.000,453.260,0.00,0.00
22.03.2013 09:41:33.406,454.000,453.260,0.00,0.00
22.03.2013 09:41:55.390,454.370,453.260,0.00,0.00
22.03.2013 09:43:26.156,454.950,453.260,0.00,0.00
22.03.2013 09:44:06.906,454.950,453.500,0.00,0.00
22.03.2013 09:49:00.062,454.950,453.500,0.00,0.00
22.03.2013 09:56:19.625,454.950,453.500,0.00,0.00
22.03.2013 09:57:15.484,454.950,453.260,0.00,0.00
22.03.2013 10:01:22.109,455.100,453.260,0.00,0.00
22.03.2013 10:04:18.625,455.100,453.260,0.00,0.00
22.03.2013 10:07:21.687,455.100,453.260,0.00,0.00
22.03.2013 10:07:49.281,455.100,453.260,0.00,0.00
22.03.2013 10:10:57.765,455.100,453.260,0.00,0.00
22.03.2013 10:18:52.328,455.100,453.260,0.00,0.00
22.03.2013 10:24:09.843,455.080,453.260,0.00,0.00
22.03.2013 10:24:33.390,455.060,453.260,0.00,0.00
22.03.2013 10:25:13.625,455.060,453.260,0.00,0.00
22.03.2013 10:26:22.687,455.040,453.260,0.00,0.00
22.03.2013 10:26:28.765,455.000,453.260,0.00,0.00
22.03.2013 10:26:32.421,454.990,453.260,0.00,0.00
22.03.2013 10:27:49.250,454.900,453.260,0.00,0.00
22.03.2013 10:28:19.062,454.890,453.260,0.00,0.00
22.03.2013 10:29:10.062,454.850,453.260,0.00,0.00
22.03.2013 10:29:36.531,454.840,453.260,0.00,0.00
22.03.2013 10:29:55.609,454.800,453.260,0.00,0.00
22.03.2013 10:29:58.500,454.790,453.260,0.00,0.00
22.03.2013 10:30:21.171,454.750,453.260,0.00,0.00
22.03.2013 10:31:04.656,454.740,453.260,0.00,0.00
22.03.2013 10:31:29.000,454.730,453.260,0.00,0.00
22.03.2013 10:31:29.406,454.740,453.260,0.00,0.00
22.03.2013 10:31:29.671,454.700,453.260,0.00,0.00
22.03.2013 10:33:47.484,454.700,453.260,0.00,0.00
22.03.2013 10:34:28.078,454.700,453.260,0.00,0.00
22.03.2013 10:36:01.484,454.700,453.260,0.00,0.00
22.03.2013 10:36:34.984,454.700,453.260,0.00,0.00
22.03.2013 10:38:22.656,454.500,453.260,0.00,0.00
22.03.2013 10:38:28.953,454.200,453.260,0.00,0.00
22.03.2013 10:38:33.625,454.000,453.260,0.00,0.00
22.03.2013 10:38:35.437,454.200,453.260,0.00,0.00
22.03.2013 10:38:36.250,454.500,453.260,0.00,0.00
22.03.2013 10:38:37.265,454.700,453.260,0.00,0.00
22.03.2013 10:39:42.687,454.700,453.260,0.00,0.00
22.03.2013 10:44:30.296,454.700,453.260,0.00,0.00
22.03.2013 10:47:41.062,454.700,453.260,0.00,0.00
22.03.2013 10:48:50.156,454.700,453.260,0.00,0.00
22.03.2013 10:54:06.390,454.700,453.270,0.00,0.00
22.03.2013 10:54:07.187,454.700,453.260,0.00,0.00
22.03.2013 10:54:26.281,454.700,453.260,0.00,0.00
22.03.2013 10:54:59.000,454.700,453.300,0.00,0.00
22.03.2013 10:55:49.406,454.700,453.310,0.00,0.00
22.03.2013 11:01:05.296,454.500,453.310,0.00,0.00
22.03.2013 11:01:13.156,454.180,453.310,0.00,0.00
22.03.2013 11:01:13.203,454.500,453.310,0.00,0.00
22.03.2013 11:01:26.203,454.500,453.310,0.00,0.00
22.03.2013 11:01:26.234,454.180,453.310,0.00,0.00
22.03.2013 11:01:31.625,454.180,453.310,0.00,0.00
22.03.2013 11:01:40.968,454.180,453.310,0.00,0.00
22.03.2013 11:01:59.109,454.000,453.310,0.00,0.00
22.03.2013 11:02:02.937,454.180,453.310,0.00,0.00
22.03.2013 11:02:02.953,454.180,453.310,0.00,0.00
22.03.2013 11:02:02.968,454.000,453.310,0.00,0.00
22.03.2013 11:02:02.984,454.000,453.310,0.00,0.00
22.03.2013 11:02:03.000,454.180,453.310,0.00,0.00
22.03.2013 11:02:03.015,454.000,453.310,0.00,0.00
22.03.2013 11:02:03.031,454.180,453.310,0.00,0.00
22.03.2013 11:02:03.046,454.180,453.310,0.00,0.00
22.03.2013 11:02:03.062,454.180,453.310,0.00,0.00
22.03.2013 11:02:03.109,454.180,453.310,0.00,0.00
22.03.2013 11:02:03.140,454.180,453.310,0.00,0.00
22.03.2013 11:02:03.156,454.000,453.310,0.00,0.00
22.03.2013 11:02:03.171,454.180,453.310,0.00,0.00
22.03.2013 11:02:03.187,454.180,453.310,0.00,0.00
22.03.2013 11:02:03.203,454.000,453.310,0.00,0.00
22.03.2013 11:02:03.234,454.180,453.310,0.00,0.00
22.03.2013 11:02:03.250,454.000,453.310,0.00,0.00
22.03.2013 11:02:03.265,454.000,453.310,0.00,0.00
22.03.2013 11:02:03.281,454.180,453.310,0.00,0.00
22.03.2013 11:02:03.296,454.000,453.310,0.00,0.00
22.03.2013 11:02:03.312,454.000,453.310,0.00,0.00
22.03.2013 11:02:03.328,454.000,453.310,0.00,0.00
22.03.2013 11:02:03.343,454.180,453.310,0.00,0.00
22.03.2013 11:02:03.359,454.180,453.310,0.00,0.00
22.03.2013 11:02:03.390,454.180,453.310,0.00,0.00
22.03.2013 11:02:03.406,454.000,453.310,0.00,0.00
22.03.2013 11:02:03.421,454.000,453.310,0.00,0.00
22.03.2013 11:02:03.453,454.180,453.310,0.00,0.00
22.03.2013 11:02:03.468,454.000,453.310,0.00,0.00
22.03.2013 11:02:03.484,454.180,453.310,0.00,0.00
22.03.2013 11:02:03.500,454.180,453.310,0.00,0.00
22.03.2013 11:02:03.531,454.180,453.310,0.00,0.00
22.03.2013 11:02:03.546,454.000,453.310,0.00,0.00
22.03.2013 11:02:03.562,454.000,453.310,0.00,0.00
22.03.2013 11:02:03.578,454.000,453.310,0.00,0.00
22.03.2013 11:02:03.593,454.180,453.310,0.00,0.00
22.03.2013 11:02:03.625,454.000,453.310,0.00,0.00
22.03.2013 11:02:03.640,454.180,453.310,0.00,0.00
22.03.2013 11:02:03.656,454.180,453.310,0.00,0.00
22.03.2013 11:02:03.671,454.000,453.310,0.00,0.00
22.03.2013 11:02:03.687,454.180,453.310,0.00,0.00
22.03.2013 11:02:03.703,454.000,453.310,0.00,0.00
22.03.2013 11:02:03.718,454.000,453.310,0.00,0.00
22.03.2013 11:02:03.734,454.000,453.310,0.00,0.00
22.03.2013 11:02:03.750,454.180,453.310,0.00,0.00
22.03.2013 11:02:03.765,454.000,453.310,0.00,0.00
22.03.2013 11:02:06.578,454.180,453.320,0.00,0.00
22.03.2013 11:02:07.625,454.180,453.310,0.00,0.00
22.03.2013 11:02:07.640,454.180,453.310,0.00,0.00
22.03.2013 11:02:07.656,454.000,453.310,0.00,0.00
22.03.2013 11:02:07.671,454.180,453.310,0.00,0.00
22.03.2013 11:02:07.687,454.000,453.310,0.00,0.00
22.03.2013 11:02:07.703,454.000,453.310,0.00,0.00
22.03.2013 11:02:07.718,454.000,453.310,0.00,0.00
22.03.2013 11:02:07.812,454.000,453.310,0.00,0.00
22.03.2013 11:02:07.828,454.180,453.310,0.00,0.00
22.03.2013 11:02:07.843,454.180,453.310,0.00,0.00
22.03.2013 11:02:07.859,454.180,453.310,0.00,0.00
22.03.2013 11:02:07.875,454.000,453.310,0.00,0.00
22.03.2013 11:02:07.890,454.000,453.310,0.00,0.00
22.03.2013 11:02:09.015,454.180,453.310,0.00,0.00
22.03.2013 11:02:10.312,454.180,453.310,0.00,0.00
22.03.2013 11:02:11.031,454.180,453.320,0.00,0.00
22.03.2013 11:02:13.765,454.180,453.310,0.00,0.00
22.03.2013 11:02:14.531,454.180,453.320,0.00,0.00
22.03.2013 11:02:15.546,454.180,453.310,0.00,0.00
22.03.2013 11:02:16.515,454.180,453.320,0.00,0.00
22.03.2013 11:02:17.343,454.180,453.310,0.00,0.00
22.03.2013 11:02:18.093,454.180,453.320,0.00,0.00
22.03.2013 11:02:18.765,454.180,453.310,0.00,0.00
22.03.2013 11:02:22.234,454.180,453.500,0.00,0.00
22.03.2013 11:02:23.453,454.180,453.510,0.00,0.00
22.03.2013 11:02:29.515,454.180,453.500,0.00,0.00
22.03.2013 11:02:30.156,454.180,453.510,0.00,0.00
22.03.2013 11:02:31.609,454.180,453.500,0.00,0.00
22.03.2013 11:02:47.390,454.150,453.500,0.00,0.00
22.03.2013 11:04:00.156,454.150,453.500,0.00,0.00
22.03.2013 11:04:32.546,453.750,453.500,0.00,0.00
22.03.2013 11:04:38.578,453.875,453.500,0.00,0.00
22.03.2013 11:05:44.203,454.150,453.500,0.00,0.00
22.03.2013 11:06:15.703,454.000,453.500,0.00,0.00
22.03.2013 11:06:44.468,454.000,453.510,0.00,0.00
22.03.2013 11:07:26.109,454.000,453.350,0.00,0.00
22.03.2013 11:07:28.343,454.000,453.360,0.00,0.00
22.03.2013 11:08:01.953,454.000,453.500,0.00,0.00
22.03.2013 11:08:10.421,454.150,453.500,0.00,0.00
22.03.2013 11:08:14.859,454.150,453.600,0.00,0.00
22.03.2013 11:09:17.828,454.150,453.600,0.00,0.00
22.03.2013 11:13:48.328,454.150,453.610,0.00,0.00
22.03.2013 11:14:08.546,454.400,453.610,0.00,0.00
22.03.2013 11:14:36.171,454.500,454.200,0.00,0.00
22.03.2013 11:15:13.750,454.500,454.200,0.00,0.00
22.03.2013 11:15:54.390,454.500,454.200,0.00,0.00
22.03.2013 11:17:43.515,454.500,454.200,0.00,0.00
22.03.2013 11:17:43.531,454.500,454.200,0.00,0.00
22.03.2013 11:17:46.609,454.690,454.200,0.00,0.00
22.03.2013 11:18:13.781,454.600,454.200,0.00,0.00
22.03.2013 11:19:06.234,454.600,454.200,0.00,0.00
22.03.2013 11:20:24.000,454.500,454.200,0.00,0.00
22.03.2013 11:21:11.765,454.500,454.200,0.00,0.00
22.03.2013 11:24:26.218,454.500,454.200,0.00,0.00
22.03.2013 11:24:51.781,454.500,454.200,0.00,0.00
22.03.2013 11:24:54.140,454.480,454.200,0.00,0.00
22.03.2013 11:25:30.546,454.500,454.200,0.00,0.00
22.03.2013 11:26:04.703,454.500,454.350,0.00,0.00
22.03.2013 11:26:10.125,454.500,454.350,0.00,0.00
22.03.2013 11:26:10.140,454.600,454.350,0.00,0.00
22.03.2013 11:26:14.015,454.725,454.350,0.00,0.00
22.03.2013 11:27:07.796,454.762,454.200,0.00,0.00
22.03.2013 11:27:50.109,455.000,454.400,0.00,0.00
22.03.2013 11:28:26.625,455.000,454.600,0.00,0.00
22.03.2013 11:28:26.640,455.000,454.600,0.00,0.00
22.03.2013 11:30:03.671,455.000,454.600,0.00,0.00
22.03.2013 11:30:03.687,455.120,454.600,0.00,0.00
22.03.2013 11:30:06.453,455.400,455.100,0.00,0.00
22.03.2013 11:30:06.468,455.400,455.100,0.00,0.00
22.03.2013 11:31:06.500,455.400,455.250,0.00,0.00
22.03.2013 11:31:21.343,455.475,455.250,0.00,0.00
22.03.2013 11:31:30.312,455.688,455.350,0.00,0.00
22.03.2013 11:31:32.015,456.000,455.350,0.00,0.00
22.03.2013 11:31:32.296,456.000,455.500,0.00,0.00
22.03.2013 11:31:32.437,456.000,455.350,0.00,0.00
22.03.2013 11:31:47.343,456.000,455.500,0.00,0.00
22.03.2013 11:31:49.281,456.000,455.100,0.00,0.00
22.03.2013 11:32:02.562,456.000,455.100,0.00,0.00
22.03.2013 11:32:10.671,456.000,455.100,0.00,0.00
22.03.2013 11:32:12.406,456.000,455.500,0.00,0.00
22.03.2013 11:32:21.875,456.000,455.500,0.00,0.00
22.03.2013 11:32:26.312,456.000,455.100,0.00,0.00
22.03.2013 11:33:07.078,456.000,455.100,0.00,0.00
22.03.2013 11:33:09.000,456.000,455.520,0.00,0.00
22.03.2013 11:33:25.437,456.000,455.100,0.00,0.00
22.03.2013 11:33:49.031,456.000,455.100,0.00,0.00
22.03.2013 11:33:52.328,456.000,455.100,0.00,0.00
22.03.2013 11:34:04.656,456.000,455.500,0.00,0.00
22.03.2013 11:34:23.750,456.000,455.100,0.00,0.00
22.03.2013 11:34:37.750,456.000,455.100,0.00,0.00
22.03.2013 11:34:42.234,456.000,455.100,0.00,0.00
22.03.2013 11:36:25.812,455.700,455.100,0.00,0.00
22.03.2013 11:37:02.171,455.700,455.350,0.00,0.00
22.03.2013 11:37:10.562,455.500,455.350,0.00,0.00
22.03.2013 11:37:23.359,455.500,455.350,0.00,0.00
22.03.2013 11:37:27.203,455.500,455.350,0.00,0.00
22.03.2013 11:38:06.796,455.500,455.350,0.00,0.00
22.03.2013 11:38:09.781,455.490,455.350,0.00,0.00
22.03.2013 11:38:10.828,455.490,455.350,0.00,0.00
22.03.2013 11:38:11.046,455.500,455.350,0.00,0.00
22.03.2013 11:38:13.500,455.500,455.275,0.00,0.00
22.03.2013 11:38:16.312,455.350,455.100,0.00,0.00
22.03.2013 11:38:16.515,455.500,455.100,0.00,0.00
22.03.2013 11:38:17.140,455.490,455.100,0.00,0.00
22.03.2013 11:38:22.234,455.480,455.100,0.00,0.00
22.03.2013 11:38:25.656,455.490,455.100,0.00,0.00
22.03.2013 11:38:45.562,455.480,455.100,0.00,0.00
22.03.2013 11:38:57.140,455.480,455.350,0.00,0.00
22.03.2013 11:38:57.359,455.370,455.350,0.00,0.00
22.03.2013 11:39:00.609,455.370,455.340,0.00,0.00
22.03.2013 11:39:07.328,455.230,455.185,0.00,0.00
22.03.2013 11:39:14.000,455.230,455.162,0.00,0.00
22.03.2013 11:39:29.640,455.230,455.100,0.00,0.00
22.03.2013 11:39:29.656,455.230,455.000,0.00,0.00
22.03.2013 11:39:30.671,455.230,455.000,0.00,0.00
22.03.2013 11:39:34.375,455.370,455.000,0.00,0.00
22.03.2013 11:39:38.375,455.370,455.230,0.00,0.00
22.03.2013 11:39:41.421,455.370,455.160,0.00,0.00
22.03.2013 11:39:53.828,455.370,455.010,0.00,0.00
22.03.2013 11:40:05.203,455.370,455.000,0.00,0.00
22.03.2013 11:40:19.218,455.350,455.000,0.00,0.00
22.03.2013 11:40:25.296,455.350,454.950,0.00,0.00
22.03.2013 11:40:25.328,455.000,454.950,0.00,0.00
22.03.2013 11:40:27.546,455.000,454.950,0.00,0.00
22.03.2013 11:40:34.687,455.000,454.925,0.00,0.00
22.03.2013 11:40:40.343,454.980,454.868,0.00,0.00
22.03.2013 11:40:55.187,455.500,455.332,0.00,0.00
22.03.2013 11:41:26.859,455.500,455.248,0.00,0.00
22.03.2013 11:41:33.562,455.350,454.972,0.00,0.00
22.03.2013 11:41:34.578,455.350,454.783,0.00,0.00
22.03.2013 11:41:37.812,455.500,454.649,0.00,0.00
22.03.2013 11:41:50.000,455.250,454.200,0.00,0.00
22.03.2013 11:41:59.750,455.250,454.210,0.00,0.00
22.03.2013 11:42:13.171,455.250,454.500,0.00,0.00
22.03.2013 11:43:11.296,455.250,454.500,0.00,0.00
22.03.2013 11:43:26.500,455.200,454.500,0.00,0.00
22.03.2013 11:43:51.296,455.000,454.500,0.00,0.00
22.03.2013 11:44:37.250,455.000,454.220,0.00,0.00
22.03.2013 11:44:37.609,455.000,454.220,0.00,0.00
22.03.2013 11:44:46.328,454.990,454.220,0.00,0.00
22.03.2013 11:44:46.531,454.990,454.500,0.00,0.00
22.03.2013 11:44:47.953,455.000,454.500,0.00,0.00
22.03.2013 11:45:19.265,454.750,454.500,0.00,0.00
22.03.2013 11:46:02.312,454.730,454.500,0.00,0.00
22.03.2013 11:46:33.984,454.730,454.550,0.00,0.00
22.03.2013 11:46:39.656,454.730,454.500,0.00,0.00
22.03.2013 11:46:39.671,454.730,454.500,0.00,0.00
22.03.2013 11:46:40.921,454.500,454.060,0.00,0.00
22.03.2013 11:46:41.328,454.730,454.500,0.00,0.00
22.03.2013 11:46:41.687,454.730,454.500,0.00,0.00
22.03.2013 11:46:44.328,454.730,454.500,0.00,0.00
22.03.2013 11:46:49.218,454.500,454.060,0.00,0.00
22.03.2013 11:46:50.625,454.730,454.060,0.00,0.00
22.03.2013 11:47:01.000,454.700,454.060,0.00,0.00
22.03.2013 11:47:06.265,454.690,454.060,0.00,0.00
22.03.2013 11:47:08.312,454.650,454.060,0.00,0.00
22.03.2013 11:47:17.468,454.650,454.120,0.00,0.00
22.03.2013 11:47:26.000,454.700,454.120,0.00,0.00
22.03.2013 11:47:30.906,454.640,454.120,0.00,0.00
22.03.2013 11:47:33.687,454.630,454.120,0.00,0.00
22.03.2013 11:47:51.359,454.690,454.120,0.00,0.00
22.03.2013 11:48:08.031,454.690,454.500,0.00,0.00
22.03.2013 11:48:08.234,454.690,454.500,0.00,0.00
22.03.2013 11:48:09.265,454.700,454.500,0.00,0.00
22.03.2013 11:48:11.062,454.700,454.400,0.00,0.00
22.03.2013 11:48:31.031,454.730,454.280,0.00,0.00
22.03.2013 11:48:31.578,454.750,454.120,0.00,0.00
22.03.2013 11:48:31.593,454.970,454.120,0.00,0.00
22.03.2013 11:48:31.609,454.970,454.120,0.00,0.00
22.03.2013 11:48:31.781,454.970,454.800,0.00,0.00
22.03.2013 11:48:34.218,454.780,454.525,0.00,0.00
22.03.2013 11:48:35.078,454.970,454.588,0.00,0.00
22.03.2013 11:49:04.703,454.950,454.377,0.00,0.00
22.03.2013 11:50:20.875,454.940,454.120,0.00,0.00
22.03.2013 11:50:31.453,454.940,454.120,0.00,0.00
22.03.2013 11:50:38.265,454.930,454.120,0.00,0.00
22.03.2013 11:50:46.312,454.830,454.120,0.00,0.00
22.03.2013 11:50:50.531,454.930,454.120,0.00,0.00
22.03.2013 11:50:53.000,454.830,454.120,0.00,0.00
22.03.2013 11:50:57.250,454.830,454.120,0.00,0.00
22.03.2013 11:51:05.562,454.830,454.120,0.00,0.00
22.03.2013 11:51:07.281,454.820,454.120,0.00,0.00
22.03.2013 11:51:07.609,454.820,454.120,0.00,0.00
22.03.2013 11:51:15.437,454.750,454.120,0.00,0.00
22.03.2013 11:52:42.062,454.730,454.120,0.00,0.00
22.03.2013 11:52:42.875,454.750,454.120,0.00,0.00
22.03.2013 11:52:53.046,454.700,454.120,0.00,0.00
22.03.2013 11:52:56.062,454.700,454.150,0.00,0.00
22.03.2013 11:53:33.265,454.700,454.300,0.00,0.00
22.03.2013 11:53:34.484,454.700,454.150,0.00,0.00
22.03.2013 11:53:39.140,454.750,454.150,0.00,0.00
22.03.2013 11:53:43.828,455.000,454.150,0.00,0.00
22.03.2013 11:53:45.234,454.800,454.150,0.00,0.00
22.03.2013 11:54:36.234,454.800,454.150,0.00,0.00
22.03.2013 11:54:53.265,454.800,454.220,0.00,0.00
22.03.2013 11:54:57.328,454.800,454.220,0.00,0.00
22.03.2013 11:54:57.437,454.800,454.220,0.00,0.00
22.03.2013 11:54:57.937,454.800,454.220,0.00,0.00
22.03.2013 11:54:57.968,454.800,454.220,0.00,0.00
22.03.2013 11:54:58.140,454.800,454.220,0.00,0.00
22.03.2013 11:55:08.375,454.790,454.220,0.00,0.00
22.03.2013 11:55:11.953,454.800,454.220,0.00,0.00
22.03.2013 11:55:31.281,454.780,454.220,0.00,0.00
22.03.2013 11:55:42.421,454.750,454.220,0.00,0.00
22.03.2013 11:56:50.281,454.730,454.220,0.00,0.00
22.03.2013 11:57:17.859,454.730,454.330,0.00,0.00
22.03.2013 11:57:28.187,455.000,454.330,0.00,0.00
22.03.2013 11:57:28.203,455.000,454.390,0.00,0.00
22.03.2013 11:57:28.484,455.000,454.390,0.00,0.00
22.03.2013 11:57:28.500,455.000,454.330,0.00,0.00
22.03.2013 11:57:28.515,455.000,454.330,0.00,0.00
22.03.2013 11:57:28.531,455.000,454.330,0.00,0.00
22.03.2013 11:57:28.546,455.000,454.390,0.00,0.00
22.03.2013 11:57:28.562,455.000,454.390,0.00,0.00
22.03.2013 11:57:28.578,455.000,454.330,0.00,0.00
22.03.2013 11:57:28.593,455.000,454.330,0.00,0.00
22.03.2013 11:57:28.609,455.000,454.390,0.00,0.00
22.03.2013 11:57:28.625,455.000,454.330,0.00,0.00
22.03.2013 11:57:28.640,455.000,454.330,0.00,0.00
22.03.2013 11:57:28.890,455.000,454.390,0.00,0.00
22.03.2013 11:57:28.906,455.000,454.390,0.00,0.00
22.03.2013 11:57:28.921,455.000,454.330,0.00,0.00
22.03.2013 11:57:28.937,455.000,454.390,0.00,0.00
22.03.2013 11:57:28.953,455.000,454.330,0.00,0.00
22.03.2013 11:57:28.968,455.000,454.330,0.00,0.00
22.03.2013 11:57:28.984,455.000,454.390,0.00,0.00
22.03.2013 11:57:29.000,455.000,454.330,0.00,0.00
22.03.2013 11:57:29.046,455.000,454.330,0.00,0.00
22.03.2013 11:57:29.062,455.000,454.330,0.00,0.00
22.03.2013 11:57:29.078,455.000,454.390,0.00,0.00
22.03.2013 11:57:29.093,455.000,454.330,0.00,0.00
22.03.2013 11:57:29.109,455.000,454.390,0.00,0.00
22.03.2013 11:57:29.171,455.000,454.330,0.00,0.00
22.03.2013 11:57:56.703,454.450,454.330,0.00,0.00
22.03.2013 11:58:32.093,454.510,454.330,0.00,0.00
22.03.2013 11:58:32.109,454.600,454.330,0.00,0.00
22.03.2013 11:58:32.125,454.795,454.390,0.00,0.00
22.03.2013 11:58:32.140,455.000,454.390,0.00,0.00
22.03.2013 11:58:32.156,455.000,454.390,0.00,0.00
22.03.2013 11:58:32.171,455.000,454.390,0.00,0.00
22.03.2013 11:58:32.187,455.000,454.390,0.00,0.00
22.03.2013 11:58:32.203,455.000,454.390,0.00,0.00
22.03.2013 11:58:32.218,455.000,454.330,0.00,0.00
22.03.2013 11:58:32.234,455.000,454.390,0.00,0.00
22.03.2013 11:58:32.250,455.000,454.390,0.00,0.00
22.03.2013 11:58:32.265,455.000,454.390,0.00,0.00
22.03.2013 11:58:32.281,455.000,454.330,0.00,0.00
22.03.2013 11:58:32.296,455.000,454.390,0.00,0.00
22.03.2013 11:58:32.312,455.000,454.330,0.00,0.00
22.03.2013 11:58:32.328,455.000,454.390,0.00,0.00
22.03.2013 11:58:32.343,455.000,454.330,0.00,0.00
22.03.2013 11:58:32.359,455.000,454.330,0.00,0.00
22.03.2013 11:58:32.375,455.000,454.330,0.00,0.00
22.03.2013 11:58:32.390,455.000,454.390,0.00,0.00
22.03.2013 11:58:32.406,455.000,454.390,0.00,0.00
22.03.2013 11:58:32.421,455.000,454.330,0.00,0.00
22.03.2013 11:58:32.437,455.000,454.390,0.00,0.00
22.03.2013 11:58:32.453,455.000,454.330,0.00,0.00
22.03.2013 11:58:32.468,455.000,454.330,0.00,0.00
22.03.2013 11:58:32.484,455.000,454.390,0.00,0.00
22.03.2013 11:58:32.515,455.000,454.390,0.00,0.00
22.03.2013 11:58:32.640,455.000,454.390,0.00,0.00
22.03.2013 11:58:32.656,455.000,454.330,0.00,0.00
22.03.2013 11:58:32.671,455.000,454.390,0.00,0.00
22.03.2013 11:58:32.687,455.000,454.390,0.00,0.00
22.03.2013 11:58:32.703,455.000,454.330,0.00,0.00
22.03.2013 11:58:32.718,455.000,454.330,0.00,0.00
22.03.2013 11:58:32.734,455.000,454.390,0.00,0.00
22.03.2013 11:58:32.750,455.000,454.390,0.00,0.00
22.03.2013 11:58:32.765,455.000,454.390,0.00,0.00
22.03.2013 11:58:32.781,455.000,454.330,0.00,0.00
22.03.2013 11:58:32.796,455.000,454.390,0.00,0.00
22.03.2013 11:58:32.812,455.000,454.390,0.00,0.00
22.03.2013 11:58:32.828,455.000,454.390,0.00,0.00
22.03.2013 11:58:32.843,455.000,454.330,0.00,0.00
22.03.2013 11:58:33.046,455.000,454.390,0.00,0.00
22.03.2013 11:58:33.062,455.000,454.330,0.00,0.00
22.03.2013 11:59:43.140,455.000,454.500,0.00,0.00
22.03.2013 11:59:48.046,454.990,454.500,0.00,0.00
22.03.2013 11:59:51.984,454.980,454.500,0.00,0.00
22.03.2013 11:59:52.156,454.980,454.390,0.00,0.00
22.03.2013 11:59:52.312,454.980,454.390,0.00,0.00
22.03.2013 11:59:52.328,454.980,454.330,0.00,0.00
22.03.2013 11:59:52.343,454.960,454.330,0.00,0.00
22.03.2013 11:59:52.375,454.930,454.330,0.00,0.00
22.03.2013 11:59:52.390,454.920,454.330,0.00,0.00
22.03.2013 11:59:52.421,454.880,454.330,0.00,0.00
22.03.2013 11:59:52.859,454.980,454.330,0.00,0.00
22.03.2013 11:59:53.218,454.400,454.330,0.00,0.00
22.03.2013 11:59:53.234,454.400,454.295,0.00,0.00
22.03.2013 11:59:53.250,454.400,454.220,0.00,0.00
22.03.2013 11:59:53.281,454.400,454.130,0.00,0.00
22.03.2013 11:59:53.312,454.400,454.130,0.00,0.00
22.03.2013 11:59:57.687,454.400,454.100,0.00,0.00
22.03.2013 11:59:59.640,454.400,454.100,0.00,0.00
22.03.2013 12:00:01.437,454.550,454.100,0.00,0.00
22.03.2013 12:00:01.625,454.960,454.100,0.00,0.00
22.03.2013 12:00:03.265,454.960,454.100,0.00,0.00
22.03.2013 12:00:04.265,454.960,454.500,0.00,0.00
22.03.2013 12:00:04.468,454.960,454.100,0.00,0.00
22.03.2013 12:00:07.734,454.960,454.060,0.00,0.00
22.03.2013 12:00:11.500,454.900,454.060,0.00,0.00
22.03.2013 12:00:15.453,454.750,454.060,0.00,0.00
22.03.2013 12:00:15.484,454.740,454.060,0.00,0.00
22.03.2013 12:00:18.546,454.740,454.450,0.00,0.00
22.03.2013 12:00:19.296,454.750,454.450,0.00,0.00
22.03.2013 12:00:22.562,454.750,454.450,0.00,0.00
22.03.2013 12:00:23.156,454.750,454.300,0.00,0.00
22.03.2013 12:00:25.218,454.740,454.060,0.00,0.00
22.03.2013 12:00:26.812,454.650,454.060,0.00,0.00
22.03.2013 12:00:27.828,454.640,454.060,0.00,0.00
22.03.2013 12:00:29.890,454.640,454.500,0.00,0.00
22.03.2013 12:00:30.031,454.640,454.500,0.00,0.00
22.03.2013 12:00:30.046,454.640,454.500,0.00,0.00
22.03.2013 12:00:30.062,454.640,454.500,0.00,0.00
22.03.2013 12:00:30.078,454.640,454.500,0.00,0.00
22.03.2013 12:00:31.281,454.640,454.500,0.00,0.00
22.03.2013 12:00:31.296,454.640,454.500,0.00,0.00
22.03.2013 12:00:31.484,454.650,454.440,0.00,0.00
22.03.2013 12:00:33.140,454.640,454.325,0.00,0.00
22.03.2013 12:00:33.781,454.500,454.060,0.00,0.00
22.03.2013 12:00:33.921,454.640,454.060,0.00,0.00
22.03.2013 12:00:34.546,454.630,454.060,0.00,0.00
22.03.2013 12:00:42.453,454.630,454.060,0.00,0.00
22.03.2013 12:01:15.000,454.640,454.100,0.00,0.00
22.03.2013 12:01:51.109,454.640,454.060,0.00,0.00
22.03.2013 12:01:56.250,454.600,454.100,0.00,0.00
22.03.2013 12:01:59.046,454.550,454.100,0.00,0.00
22.03.2013 12:02:21.468,454.550,454.100,0.00,0.00
22.03.2013 12:02:27.703,454.500,454.100,0.00,0.00
22.03.2013 12:02:30.109,454.490,454.100,0.00,0.00
22.03.2013 12:02:30.796,454.480,454.100,0.00,0.00
22.03.2013 12:02:33.390,454.450,454.100,0.00,0.00
22.03.2013 12:02:42.312,454.480,454.100,0.00,0.00
22.03.2013 12:02:42.328,454.480,454.100,0.00,0.00
22.03.2013 12:02:44.140,454.480,454.450,0.00,0.00
22.03.2013 12:02:44.156,454.480,454.450,0.00,0.00
22.03.2013 12:02:45.343,454.480,454.450,0.00,0.00
22.03.2013 12:02:45.359,454.480,454.435,0.00,0.00
22.03.2013 12:03:08.718,454.450,454.382,0.00,0.00
22.03.2013 12:03:13.203,454.380,454.278,0.00,0.00
22.03.2013 12:03:21.906,454.380,454.227,0.00,0.00
22.03.2013 12:03:25.562,454.380,454.110,0.00,0.00
22.03.2013 12:03:28.234,454.380,454.110,0.00,0.00
22.03.2013 12:04:07.421,454.380,454.110,0.00,0.00
22.03.2013 12:04:12.093,454.380,454.110,0.00,0.00
22.03.2013 12:04:15.328,454.380,454.200,0.00,0.00
22.03.2013 12:04:33.328,454.450,454.200,0.00,0.00
22.03.2013 12:04:33.343,454.450,454.200,0.00,0.00
22.03.2013 12:05:22.421,454.450,454.400,0.00,0.00
22.03.2013 12:05:23.781,454.490,454.400,0.00,0.00
22.03.2013 12:05:25.203,454.550,454.400,0.00,0.00
22.03.2013 12:05:25.218,454.550,454.400,0.00,0.00
22.03.2013 12:05:33.171,454.550,454.325,0.00,0.00
22.03.2013 12:05:39.015,454.550,454.210,0.00,0.00
22.03.2013 12:05:40.250,454.600,454.210,0.00,0.00
22.03.2013 12:05:40.265,454.640,454.210,0.00,0.00
22.03.2013 12:05:52.640,454.790,454.650,0.00,0.00
22.03.2013 12:05:54.281,454.790,454.650,0.00,0.00
22.03.2013 12:05:55.671,454.800,454.650,0.00,0.00
22.03.2013 12:06:12.156,454.800,454.650,0.00,0.00
22.03.2013 12:06:15.000,454.790,454.565,0.00,0.00
22.03.2013 12:06:17.843,454.800,454.462,0.00,0.00
22.03.2013 12:06:35.703,454.800,454.300,0.00,0.00
22.03.2013 12:06:42.218,454.800,454.300,0.00,0.00
22.03.2013 12:06:42.234,454.800,454.300,0.00,0.00
22.03.2013 12:07:05.750,454.800,454.300,0.00,0.00
22.03.2013 12:07:16.781,454.800,454.200,0.00,0.00
22.03.2013 12:07:29.140,454.800,454.250,0.00,0.00
22.03.2013 12:07:50.453,454.730,454.250,0.00,0.00
22.03.2013 12:07:50.890,454.500,454.250,0.00,0.00
22.03.2013 12:07:58.421,454.500,454.250,0.00,0.00
22.03.2013 12:07:58.781,454.500,454.200,0.00,0.00
22.03.2013 12:07:58.796,454.500,454.250,0.00,0.00
22.03.2013 12:08:15.453,454.600,454.250,0.00,0.00
22.03.2013 12:08:41.843,454.600,454.200,0.00,0.00
22.03.2013 12:08:42.921,454.500,454.200,0.00,0.00
22.03.2013 12:08:46.140,454.470,454.200,0.00,0.00
22.03.2013 12:08:50.171,454.470,454.110,0.00,0.00
22.03.2013 12:08:51.406,454.550,454.110,0.00,0.00
22.03.2013 12:08:51.421,454.550,454.110,0.00,0.00
22.03.2013 12:08:51.437,454.550,454.120,0.00,0.00
22.03.2013 12:08:51.453,454.550,454.120,0.00,0.00
22.03.2013 12:08:51.468,454.550,454.120,0.00,0.00
22.03.2013 12:08:51.484,454.550,454.110,0.00,0.00
22.03.2013 12:08:52.812,454.530,454.110,0.00,0.00
22.03.2013 12:08:54.859,454.200,454.110,0.00,0.00
22.03.2013 12:08:54.875,454.245,454.110,0.00,0.00
22.03.2013 12:09:25.046,454.320,454.110,0.00,0.00
22.03.2013 12:09:25.921,454.320,454.110,0.00,0.00
22.03.2013 12:09:35.875,454.320,454.250,0.00,0.00
22.03.2013 12:09:36.890,454.320,454.215,0.00,0.00
22.03.2013 12:09:37.359,454.320,454.110,0.00,0.00
22.03.2013 12:09:40.171,454.230,454.110,0.00,0.00
22.03.2013 12:09:40.187,454.320,454.110,0.00,0.00
22.03.2013 12:09:47.296,454.320,454.120,0.00,0.00
22.03.2013 12:09:47.671,454.320,454.110,0.00,0.00
22.03.2013 12:09:48.281,454.310,454.110,0.00,0.00
22.03.2013 12:09:49.906,454.310,454.110,0.00,0.00
22.03.2013 12:11:18.859,454.320,454.230,0.00,0.00
22.03.2013 12:11:20.890,454.365,454.230,0.00,0.00
22.03.2013 12:11:42.218,454.452,454.250,0.00,0.00
22.03.2013 12:11:46.687,454.550,454.230,0.00,0.00
22.03.2013 12:12:11.062,454.520,454.230,0.00,0.00
22.03.2013 12:12:28.531,454.300,454.230,0.00,0.00
22.03.2013 12:12:30.562,454.300,454.230,0.00,0.00
22.03.2013 12:12:46.218,454.300,454.230,0.00,0.00
22.03.2013 12:12:49.218,454.300,454.230,0.00,0.00
22.03.2013 12:12:55.531,454.300,454.195,0.00,0.00
22.03.2013 12:12:55.546,454.300,454.110,0.00,0.00
22.03.2013 12:12:56.828,454.180,454.110,0.00,0.00
22.03.2013 12:12:57.187,454.215,454.110,0.00,0.00
22.03.2013 12:15:53.078,454.300,454.110,0.00,0.00
22.03.2013 12:15:53.687,454.300,454.120,0.00,0.00
22.03.2013 12:16:07.296,454.300,454.120,0.00,0.00
22.03.2013 12:16:14.859,454.300,454.150,0.00,0.00
22.03.2013 12:16:18.062,454.300,454.150,0.00,0.00
22.03.2013 12:16:30.718,454.300,454.150,0.00,0.00
22.03.2013 12:16:43.671,454.375,454.150,0.00,0.00
22.03.2013 12:16:51.312,454.480,454.300,0.00,0.00
22.03.2013 12:16:53.609,454.490,454.300,0.00,0.00
22.03.2013 12:16:54.687,454.520,454.300,0.00,0.00
22.03.2013 12:16:54.703,454.520,454.300,0.00,0.00
22.03.2013 12:17:13.531,454.550,454.520,0.00,0.00
22.03.2013 12:17:15.343,454.550,454.505,0.00,0.00
22.03.2013 12:17:48.906,454.550,454.520,0.00,0.00
22.03.2013 12:17:55.562,454.550,454.505,0.00,0.00
22.03.2013 12:17:58.625,454.550,454.482,0.00,0.00
22.03.2013 12:18:04.312,454.550,454.448,0.00,0.00
22.03.2013 12:18:16.156,454.550,454.397,0.00,0.00
22.03.2013 12:18:32.656,454.500,454.300,0.00,0.00
22.03.2013 12:19:02.390,454.500,454.300,0.00,0.00
22.03.2013 12:19:05.656,454.450,454.300,0.00,0.00
22.03.2013 12:19:18.859,454.450,454.300,0.00,0.00
22.03.2013 12:19:18.875,454.500,454.300,0.00,0.00
22.03.2013 12:19:35.015,454.550,454.300,0.00,0.00
22.03.2013 12:19:35.093,454.550,454.300,0.00,0.00
22.03.2013 12:19:37.937,454.760,454.510,0.00,0.00
22.03.2013 12:19:39.984,454.760,454.520,0.00,0.00
22.03.2013 12:19:48.984,454.760,454.520,0.00,0.00
22.03.2013 12:19:49.000,454.870,454.520,0.00,0.00
22.03.2013 12:19:49.046,455.000,454.520,0.00,0.00
22.03.2013 12:19:53.234,455.000,454.520,0.00,0.00
22.03.2013 12:20:01.796,455.000,454.510,0.00,0.00
22.03.2013 12:20:01.828,455.000,454.510,0.00,0.00
22.03.2013 12:20:01.843,455.000,454.510,0.00,0.00
22.03.2013 12:20:01.859,455.000,454.510,0.00,0.00
22.03.2013 12:20:02.250,455.000,454.510,0.00,0.00
22.03.2013 12:20:25.312,455.000,454.560,0.00,0.00
22.03.2013 12:20:40.109,455.000,454.600,0.00,0.00
22.03.2013 12:20:48.062,455.000,454.600,0.00,0.00
22.03.2013 12:20:48.078,455.000,454.560,0.00,0.00
22.03.2013 12:20:48.093,455.000,454.330,0.00,0.00
22.03.2013 12:20:48.234,455.000,454.330,0.00,0.00
22.03.2013 12:20:48.421,454.500,454.300,0.00,0.00
22.03.2013 12:21:01.031,454.490,454.300,0.00,0.00
22.03.2013 12:21:11.171,454.460,454.300,0.00,0.00
22.03.2013 12:21:30.265,454.400,454.300,0.00,0.00
22.03.2013 12:21:33.515,454.400,454.300,0.00,0.00
22.03.2013 12:21:33.531,454.400,454.300,0.00,0.00
22.03.2013 12:21:39.015,454.400,454.300,0.00,0.00
22.03.2013 12:21:41.328,454.400,454.350,0.00,0.00
22.03.2013 12:21:49.781,454.425,454.350,0.00,0.00
22.03.2013 12:21:49.796,454.462,454.350,0.00,0.00
22.03.2013 12:21:54.046,454.468,454.300,0.00,0.00
22.03.2013 12:21:54.453,454.300,454.150,0.00,0.00
22.03.2013 12:22:08.250,454.375,454.150,0.00,0.00
22.03.2013 12:22:21.250,454.470,454.150,0.00,0.00
22.03.2013 12:22:21.265,454.200,454.150,0.00,0.00
22.03.2013 12:22:23.968,454.225,454.150,0.00,0.00
22.03.2013 12:22:23.984,454.200,454.150,0.00,0.00
22.03.2013 12:22:36.484,454.225,454.150,0.00,0.00
22.03.2013 12:22:45.437,454.263,454.150,0.00,0.00
22.03.2013 12:22:45.453,454.200,454.150,0.00,0.00
22.03.2013 12:23:00.281,454.225,454.150,0.00,0.00
22.03.2013 12:23:14.937,454.100,454.060,0.00,0.00
22.03.2013 12:23:17.718,454.120,454.060,0.00,0.00
22.03.2013 12:23:17.734,454.100,454.060,0.00,0.00
22.03.2013 12:23:18.171,454.100,454.040,0.00,0.00
22.03.2013 12:23:18.187,454.100,454.060,0.00,0.00
22.03.2013 12:23:18.531,454.100,454.040,0.00,0.00
22.03.2013 12:23:18.546,454.100,454.010,0.00,0.00
22.03.2013 12:23:18.562,454.060,454.010,0.00,0.00
22.03.2013 12:23:18.953,454.100,454.010,0.00,0.00
22.03.2013 12:23:18.968,454.100,454.000,0.00,0.00
22.03.2013 12:23:19.578,454.100,454.000,0.00,0.00
22.03.2013 12:23:20.390,454.100,453.950,0.00,0.00
22.03.2013 12:23:24.453,454.070,453.845,0.00,0.00
22.03.2013 12:23:29.500,454.070,453.733,0.00,0.00
22.03.2013 12:23:29.703,454.070,453.520,0.00,0.00
22.03.2013 12:23:39.484,454.070,453.510,0.00,0.00
22.03.2013 12:23:39.500,454.070,453.510,0.00,0.00
22.03.2013 12:23:39.859,454.070,453.520,0.00,0.00
22.03.2013 12:23:44.343,454.100,453.520,0.00,0.00
22.03.2013 12:23:44.359,454.000,453.520,0.00,0.00
22.03.2013 12:23:44.375,454.100,453.510,0.00,0.00
22.03.2013 12:23:44.390,454.100,453.510,0.00,0.00
22.03.2013 12:23:49.500,454.100,453.510,0.00,0.00
22.03.2013 12:23:49.828,454.100,453.520,0.00,0.00
22.03.2013 12:23:54.906,454.100,453.510,0.00,0.00
22.03.2013 12:24:04.656,454.100,453.510,0.00,0.00
22.03.2013 12:24:05.046,454.100,453.520,0.00,0.00
22.03.2013 12:24:19.750,454.100,453.510,0.00,0.00
22.03.2013 12:24:40.046,454.100,453.510,0.00,0.00
22.03.2013 12:24:53.468,454.100,453.550,0.00,0.00
22.03.2013 12:25:05.218,454.100,453.560,0.00,0.00
22.03.2013 12:25:19.234,454.100,453.590,0.00,0.00
22.03.2013 12:25:26.359,454.510,453.590,0.00,0.00
22.03.2013 12:25:32.078,454.510,453.800,0.00,0.00
22.03.2013 12:25:34.875,454.510,453.810,0.00,0.00
22.03.2013 12:25:35.890,454.510,453.810,0.00,0.00
22.03.2013 12:25:47.093,454.500,453.810,0.00,0.00
22.03.2013 12:25:49.906,454.450,453.810,0.00,0.00
22.03.2013 12:25:53.640,454.450,453.820,0.00,0.00
22.03.2013 12:25:58.671,454.450,454.100,0.00,0.00
22.03.2013 12:26:01.078,454.690,454.100,0.00,0.00
22.03.2013 12:26:06.359,454.690,454.130,0.00,0.00
22.03.2013 12:26:45.359,454.690,454.170,0.00,0.00
22.03.2013 12:26:49.718,454.690,454.170,0.00,0.00
22.03.2013 12:27:13.796,454.690,454.130,0.00,0.00
22.03.2013 12:27:21.343,454.620,454.130,0.00,0.00
22.03.2013 12:28:40.984,454.610,454.130,0.00,0.00
22.03.2013 12:29:37.484,454.610,454.500,0.00,0.00
22.03.2013 12:29:37.578,454.610,454.445,0.00,0.00
22.03.2013 12:29:46.562,454.610,454.400,0.00,0.00
22.03.2013 12:29:59.875,454.610,454.295,0.00,0.00
22.03.2013 12:30:01.843,454.600,454.130,0.00,0.00
22.03.2013 12:30:03.125,454.600,454.130,0.00,0.00
22.03.2013 12:30:04.156,454.590,454.130,0.00,0.00
22.03.2013 12:30:04.578,454.600,454.130,0.00,0.00
22.03.2013 12:30:05.093,454.600,454.130,0.00,0.00
22.03.2013 12:30:07.328,454.500,454.130,0.00,0.00
22.03.2013 12:30:08.296,454.490,454.130,0.00,0.00
22.03.2013 12:30:10.156,454.610,454.130,0.00,0.00
22.03.2013 12:30:10.437,454.600,454.130,0.00,0.00
22.03.2013 12:30:14.078,454.600,454.140,0.00,0.00
22.03.2013 12:30:20.500,454.600,454.150,0.00,0.00
22.03.2013 12:30:21.343,454.600,454.140,0.00,0.00
22.03.2013 12:30:21.734,454.600,454.160,0.00,0.00
22.03.2013 12:30:22.609,454.600,454.130,0.00,0.00
22.03.2013 12:30:22.703,454.600,454.170,0.00,0.00
22.03.2013 12:30:23.234,454.600,454.180,0.00,0.00
22.03.2013 12:30:23.593,454.610,454.180,0.00,0.00
22.03.2013 12:30:24.171,454.610,454.190,0.00,0.00
22.03.2013 12:30:24.968,454.610,454.200,0.00,0.00
22.03.2013 12:30:25.609,454.600,454.200,0.00,0.00
22.03.2013 12:30:28.218,454.590,454.200,0.00,0.00
22.03.2013 12:30:29.218,454.600,454.200,0.00,0.00
22.03.2013 12:30:29.343,454.610,454.130,0.00,0.00
22.03.2013 12:30:29.937,454.600,454.130,0.00,0.00
22.03.2013 12:30:29.953,454.600,454.140,0.00,0.00
22.03.2013 12:30:37.593,454.590,454.140,0.00,0.00
22.03.2013 12:30:38.968,454.580,454.140,0.00,0.00
22.03.2013 12:30:38.984,454.580,454.140,0.00,0.00
22.03.2013 12:30:39.578,454.580,454.140,0.00,0.00
22.03.2013 12:30:39.640,454.570,454.140,0.00,0.00
22.03.2013 12:30:40.218,454.560,454.140,0.00,0.00
22.03.2013 12:30:40.421,454.570,454.140,0.00,0.00
22.03.2013 12:30:40.593,454.550,454.140,0.00,0.00
22.03.2013 12:30:41.125,454.610,454.140,0.00,0.00
22.03.2013 12:30:41.625,454.600,454.140,0.00,0.00
22.03.2013 12:30:43.640,454.600,454.150,0.00,0.00
22.03.2013 12:30:44.453,454.610,454.150,0.00,0.00
22.03.2013 12:30:45.468,454.600,454.150,0.00,0.00
22.03.2013 12:30:46.312,454.600,454.160,0.00,0.00
22.03.2013 12:30:52.468,454.600,454.130,0.00,0.00
22.03.2013 12:30:53.015,454.600,454.140,0.00,0.00
22.03.2013 12:30:57.531,454.590,454.140,0.00,0.00
22.03.2013 12:31:02.937,454.580,454.140,0.00,0.00
22.03.2013 12:31:03.781,454.590,454.140,0.00,0.00
22.03.2013 12:31:04.203,454.580,454.140,0.00,0.00
22.03.2013 12:31:05.578,454.590,454.140,0.00,0.00
22.03.2013 12:31:06.265,454.580,454.140,0.00,0.00
22.03.2013 12:31:09.234,454.590,454.140,0.00,0.00
22.03.2013 12:31:09.656,454.580,454.140,0.00,0.00
22.03.2013 12:31:10.468,454.590,454.140,0.00,0.00
22.03.2013 12:31:11.062,454.580,454.140,0.00,0.00
22.03.2013 12:31:11.484,454.590,454.140,0.00,0.00
22.03.2013 12:31:12.921,454.580,454.140,0.00,0.00
22.03.2013 12:31:13.312,454.590,454.140,0.00,0.00
22.03.2013 12:31:13.718,454.580,454.140,0.00,0.00
22.03.2013 12:31:14.328,454.590,454.140,0.00,0.00
22.03.2013 12:31:14.937,454.580,454.140,0.00,0.00
22.03.2013 12:31:15.328,454.590,454.140,0.00,0.00
22.03.2013 12:31:16.187,454.580,454.140,0.00,0.00
22.03.2013 12:31:16.796,454.590,454.140,0.00,0.00
22.03.2013 12:31:17.437,454.580,454.140,0.00,0.00
22.03.2013 12:31:18.171,454.590,454.140,0.00,0.00
22.03.2013 12:31:20.203,454.550,454.140,0.00,0.00
22.03.2013 12:31:22.250,454.550,454.140,0.00,0.00
22.03.2013 12:31:29.171,454.550,454.140,0.00,0.00
22.03.2013 12:31:34.625,454.540,454.140,0.00,0.00
22.03.2013 12:31:49.953,454.540,454.140,0.00,0.00
22.03.2013 12:32:15.046,454.550,454.140,0.00,0.00
22.03.2013 12:32:15.390,454.540,454.140,0.00,0.00
22.03.2013 12:32:21.187,454.540,454.130,0.00,0.00
22.03.2013 12:32:24.406,454.540,454.140,0.00,0.00
22.03.2013 12:32:26.265,454.550,454.140,0.00,0.00
22.03.2013 12:32:26.640,454.540,454.140,0.00,0.00
22.03.2013 12:32:30.953,454.540,454.130,0.00,0.00
22.03.2013 12:32:31.750,454.500,454.130,0.00,0.00
22.03.2013 12:32:33.156,454.490,454.130,0.00,0.00
22.03.2013 12:32:38.296,454.500,454.130,0.00,0.00
22.03.2013 12:32:38.890,454.490,454.130,0.00,0.00
22.03.2013 12:32:43.312,454.470,454.130,0.00,0.00
22.03.2013 12:32:48.796,454.460,454.130,0.00,0.00
22.03.2013 12:32:49.437,454.470,454.130,0.00,0.00
22.03.2013 12:32:50.203,454.460,454.130,0.00,0.00
22.03.2013 12:32:52.062,454.470,454.130,0.00,0.00
22.03.2013 12:32:54.531,454.460,454.130,0.00,0.00
22.03.2013 12:32:59.000,454.470,454.130,0.00,0.00
22.03.2013 12:33:00.953,454.470,454.140,0.00,0.00
22.03.2013 12:33:06.875,454.470,454.280,0.00,0.00
22.03.2013 12:33:08.359,454.470,454.290,0.00,0.00
22.03.2013 12:33:08.703,454.470,454.280,0.00,0.00
22.03.2013 12:33:09.421,454.470,454.290,0.00,0.00
22.03.2013 12:33:09.859,454.470,454.280,0.00,0.00
22.03.2013 12:33:10.546,454.470,454.290,0.00,0.00
22.03.2013 12:33:11.187,454.470,454.280,0.00,0.00
22.03.2013 12:33:14.093,454.470,454.290,0.00,0.00
22.03.2013 12:33:14.421,454.460,454.280,0.00,0.00
22.03.2013 12:33:14.859,454.470,454.280,0.00,0.00
22.03.2013 12:33:16.484,454.470,454.280,0.00,0.00
22.03.2013 12:33:17.671,454.460,454.280,0.00,0.00
22.03.2013 12:33:18.296,454.470,454.280,0.00,0.00
22.03.2013 12:33:21.562,454.470,454.280,0.00,0.00
22.03.2013 12:33:24.375,454.460,454.280,0.00,0.00
22.03.2013 12:33:25.171,454.460,454.280,0.00,0.00
22.03.2013 12:33:26.000,454.470,454.280,0.00,0.00
22.03.2013 12:33:26.609,454.460,454.280,0.00,0.00
22.03.2013 12:33:28.015,454.470,454.280,0.00,0.00
22.03.2013 12:33:28.656,454.470,454.290,0.00,0.00
22.03.2013 12:33:30.859,454.470,454.300,0.00,0.00
22.03.2013 12:33:31.875,454.470,454.280,0.00,0.00
22.03.2013 12:33:32.484,454.470,454.290,0.00,0.00
22.03.2013 12:33:32.890,454.470,454.280,0.00,0.00
22.03.2013 12:33:34.390,454.470,454.280,0.00,0.00
22.03.2013 12:33:34.812,454.470,454.280,0.00,0.00
22.03.2013 12:33:36.578,454.460,454.280,0.00,0.00
22.03.2013 12:33:38.421,454.440,454.280,0.00,0.00
22.03.2013 12:33:42.687,454.430,454.280,0.00,0.00
22.03.2013 12:33:43.265,454.430,454.280,0.00,0.00
22.03.2013 12:33:43.671,454.420,454.280,0.00,0.00
22.03.2013 12:33:44.109,454.430,454.280,0.00,0.00
22.03.2013 12:33:44.796,454.420,454.280,0.00,0.00
22.03.2013 12:33:45.109,454.430,454.280,0.00,0.00
22.03.2013 12:33:45.328,454.470,454.280,0.00,0.00
22.03.2013 12:33:45.890,454.460,454.280,0.00,0.00
22.03.2013 12:33:47.125,454.400,454.280,0.00,0.00
22.03.2013 12:33:47.140,454.410,454.280,0.00,0.00
22.03.2013 12:33:47.921,454.470,454.280,0.00,0.00
22.03.2013 12:33:48.593,454.460,454.280,0.00,0.00
22.03.2013 12:33:51.406,454.450,454.280,0.00,0.00
22.03.2013 12:33:53.015,454.440,454.280,0.00,0.00
22.03.2013 12:33:53.046,454.430,454.280,0.00,0.00
22.03.2013 12:33:54.640,454.440,454.280,0.00,0.00
22.03.2013 12:33:55.296,454.450,454.280,0.00,0.00
22.03.2013 12:33:57.312,454.450,454.280,0.00,0.00
22.03.2013 12:33:57.906,454.400,454.280,0.00,0.00
22.03.2013 12:33:59.281,454.450,454.280,0.00,0.00
22.03.2013 12:34:14.140,454.440,454.280,0.00,0.00
22.03.2013 12:34:17.203,454.450,454.280,0.00,0.00
22.03.2013 12:34:22.296,454.450,454.280,0.00,0.00
22.03.2013 12:34:26.453,454.440,454.280,0.00,0.00
22.03.2013 12:34:46.671,454.450,454.280,0.00,0.00
22.03.2013 12:34:55.406,454.450,454.330,0.00,0.00
22.03.2013 12:34:55.796,454.500,454.330,0.00,0.00
22.03.2013 12:34:55.812,454.500,454.450,0.00,0.00
22.03.2013 12:34:55.843,454.500,454.450,0.00,0.00
22.03.2013 12:34:59.015,454.500,454.425,0.00,0.00
22.03.2013 12:35:00.890,454.500,454.350,0.00,0.00
22.03.2013 12:35:01.718,454.500,454.330,0.00,0.00
22.03.2013 12:35:04.343,454.500,454.330,0.00,0.00
22.03.2013 12:35:06.250,454.590,454.330,0.00,0.00
22.03.2013 12:35:06.265,454.590,454.330,0.00,0.00
22.03.2013 12:35:06.781,454.610,454.330,0.00,0.00
22.03.2013 12:35:08.296,454.610,454.350,0.00,0.00
22.03.2013 12:35:10.593,454.610,454.360,0.00,0.00
22.03.2013 12:35:14.671,454.610,454.520,0.00,0.00
22.03.2013 12:35:16.078,454.610,454.520,0.00,0.00
22.03.2013 12:35:20.406,454.600,454.520,0.00,0.00
22.03.2013 12:35:21.765,454.610,454.520,0.00,0.00
22.03.2013 12:35:22.406,454.600,454.520,0.00,0.00
22.03.2013 12:35:23.031,454.610,454.520,0.00,0.00
22.03.2013 12:35:23.453,454.600,454.520,0.00,0.00
22.03.2013 12:35:24.203,454.610,454.520,0.00,0.00
22.03.2013 12:35:24.234,454.600,454.520,0.00,0.00
22.03.2013 12:35:25.031,454.610,454.520,0.00,0.00
22.03.2013 12:35:25.437,454.600,454.520,0.00,0.00
22.03.2013 12:35:25.656,454.610,454.520,0.00,0.00
22.03.2013 12:35:26.250,454.600,454.520,0.00,0.00
22.03.2013 12:35:26.656,454.610,454.520,0.00,0.00
22.03.2013 12:35:27.250,454.600,454.520,0.00,0.00
22.03.2013 12:35:27.484,454.610,454.520,0.00,0.00
22.03.2013 12:35:28.140,454.600,454.520,0.00,0.00
22.03.2013 12:35:28.281,454.610,454.520,0.00,0.00
22.03.2013 12:35:28.921,454.600,454.520,0.00,0.00
22.03.2013 12:35:29.093,454.610,454.520,0.00,0.00
22.03.2013 12:35:29.687,454.600,454.520,0.00,0.00
22.03.2013 12:35:30.093,454.610,454.520,0.00,0.00
22.03.2013 12:35:30.703,454.600,454.520,0.00,0.00
22.03.2013 12:35:30.750,454.610,454.520,0.00,0.00
22.03.2013 12:35:31.171,454.600,454.520,0.00,0.00
22.03.2013 12:35:31.515,454.610,454.520,0.00,0.00
22.03.2013 12:35:36.250,454.600,454.520,0.00,0.00
22.03.2013 12:35:36.593,454.610,454.520,0.00,0.00
22.03.2013 12:35:36.828,454.600,454.520,0.00,0.00
22.03.2013 12:35:37.250,454.610,454.520,0.00,0.00
22.03.2013 12:35:38.015,454.600,454.520,0.00,0.00
22.03.2013 12:35:38.078,454.610,454.520,0.00,0.00
22.03.2013 12:35:39.687,454.600,454.520,0.00,0.00
22.03.2013 12:35:40.046,454.610,454.520,0.00,0.00
22.03.2013 12:35:40.515,454.600,454.520,0.00,0.00
22.03.2013 12:35:41.062,454.610,454.520,0.00,0.00
22.03.2013 12:35:41.265,454.600,454.520,0.00,0.00
22.03.2013 12:35:41.500,454.610,454.520,0.00,0.00
22.03.2013 12:35:42.078,454.600,454.520,0.00,0.00
22.03.2013 12:35:42.296,454.610,454.520,0.00,0.00
22.03.2013 12:35:43.703,454.600,454.520,0.00,0.00
22.03.2013 12:35:47.562,454.610,454.520,0.00,0.00
22.03.2013 12:35:50.015,454.610,454.520,0.00,0.00
22.03.2013 12:35:51.703,454.510,454.360,0.00,0.00
22.03.2013 12:35:52.640,454.520,454.360,0.00,0.00
22.03.2013 12:35:58.187,454.610,454.360,0.00,0.00
22.03.2013 12:36:02.312,454.600,454.360,0.00,0.00
22.03.2013 12:36:11.593,454.610,454.360,0.00,0.00
22.03.2013 12:36:11.953,454.600,454.360,0.00,0.00
22.03.2013 12:36:17.468,454.600,454.400,0.00,0.00
22.03.2013 12:36:18.000,454.610,454.400,0.00,0.00
22.03.2013 12:36:18.437,454.600,454.400,0.00,0.00
22.03.2013 12:36:19.343,454.610,454.400,0.00,0.00
22.03.2013 12:36:20.062,454.600,454.400,0.00,0.00
22.03.2013 12:36:20.687,454.610,454.400,0.00,0.00
22.03.2013 12:36:21.296,454.600,454.400,0.00,0.00
22.03.2013 12:36:22.109,454.610,454.400,0.00,0.00
22.03.2013 12:36:22.531,454.600,454.400,0.00,0.00
22.03.2013 12:36:23.937,454.610,454.400,0.00,0.00
22.03.2013 12:36:24.125,454.600,454.400,0.00,0.00
22.03.2013 12:36:26.812,454.600,454.500,0.00,0.00
22.03.2013 12:36:32.875,454.610,454.500,0.00,0.00
22.03.2013 12:36:33.671,454.600,454.500,0.00,0.00
22.03.2013 12:36:36.546,454.610,454.500,0.00,0.00
22.03.2013 12:36:36.968,454.600,454.500,0.00,0.00
22.03.2013 12:36:37.828,454.610,454.500,0.00,0.00
22.03.2013 12:36:38.359,454.600,454.500,0.00,0.00
22.03.2013 12:36:43.031,454.610,454.500,0.00,0.00
22.03.2013 12:36:43.281,454.600,454.500,0.00,0.00
22.03.2013 12:36:46.187,454.600,454.400,0.00,0.00
22.03.2013 12:36:46.500,454.610,454.400,0.00,0.00
22.03.2013 12:36:46.953,454.600,454.400,0.00,0.00
22.03.2013 12:37:19.578,454.600,454.400,0.00,0.00
22.03.2013 12:37:23.875,454.610,454.400,0.00,0.00
22.03.2013 12:37:24.484,454.600,454.400,0.00,0.00
22.03.2013 12:37:28.140,454.600,454.400,0.00,0.00
22.03.2013 12:37:32.593,454.610,454.400,0.00,0.00
22.03.2013 12:37:33.187,454.600,454.400,0.00,0.00
22.03.2013 12:37:34.859,454.610,454.400,0.00,0.00
22.03.2013 12:37:39.937,454.600,454.400,0.00,0.00
22.03.2013 12:37:42.375,454.610,454.400,0.00,0.00
22.03.2013 12:37:43.546,454.600,454.400,0.00,0.00
22.03.2013 12:37:44.562,454.610,454.400,0.00,0.00
22.03.2013 12:37:46.421,454.570,454.400,0.00,0.00
22.03.2013 12:37:50.281,454.610,454.400,0.00,0.00
22.03.2013 12:37:51.296,454.600,454.400,0.00,0.00
22.03.2013 12:38:02.062,454.610,454.400,0.00,0.00
22.03.2013 12:38:06.921,454.570,454.400,0.00,0.00
22.03.2013 12:38:11.781,454.610,454.400,0.00,0.00
22.03.2013 12:38:17.906,454.560,454.400,0.00,0.00
22.03.2013 12:38:29.937,454.610,454.400,0.00,0.00
22.03.2013 12:38:30.500,454.600,454.400,0.00,0.00
22.03.2013 12:38:39.281,454.580,454.400,0.00,0.00
22.03.2013 12:38:40.656,454.580,454.280,0.00,0.00
22.03.2013 12:38:46.578,454.570,454.280,0.00,0.00
22.03.2013 12:39:23.093,454.570,454.290,0.00,0.00
22.03.2013 12:39:56.593,454.570,454.290,0.00,0.00
22.03.2013 12:39:57.437,454.570,454.290,0.00,0.00
22.03.2013 12:41:12.578,454.570,454.300,0.00,0.00
22.03.2013 12:41:14.593,454.570,454.290,0.00,0.00
22.03.2013 12:41:16.046,454.570,454.300,0.00,0.00
22.03.2013 12:41:18.500,454.570,454.290,0.00,0.00
22.03.2013 12:41:19.281,454.570,454.300,0.00,0.00
22.03.2013 12:41:22.546,454.570,454.290,0.00,0.00
22.03.2013 12:41:24.375,454.570,454.300,0.00,0.00
22.03.2013 12:41:27.484,454.570,454.290,0.00,0.00
22.03.2013 12:42:05.765,454.570,454.300,0.00,0.00
22.03.2013 12:42:09.234,454.570,454.290,0.00,0.00
22.03.2013 12:42:09.703,454.570,454.300,0.00,0.00
22.03.2013 12:42:11.046,454.570,454.290,0.00,0.00
22.03.2013 12:42:12.281,454.570,454.300,0.00,0.00
22.03.2013 12:42:16.171,454.570,454.300,0.00,0.00
22.03.2013 12:42:16.187,454.570,454.300,0.00,0.00
22.03.2013 12:42:20.203,454.580,454.300,0.00,0.00
22.03.2013 12:42:21.656,454.580,454.310,0.00,0.00
22.03.2013 12:42:23.453,454.580,454.350,0.00,0.00
22.03.2013 12:42:24.078,454.580,454.360,0.00,0.00
22.03.2013 12:42:24.875,454.580,454.370,0.00,0.00
22.03.2013 12:42:25.906,454.580,454.350,0.00,0.00
22.03.2013 12:42:26.734,454.580,454.360,0.00,0.00
22.03.2013 12:42:27.656,454.580,454.370,0.00,0.00
22.03.2013 12:42:28.625,454.580,454.350,0.00,0.00
22.03.2013 12:42:29.140,454.580,454.360,0.00,0.00
22.03.2013 12:42:30.765,454.580,454.350,0.00,0.00
22.03.2013 12:42:31.203,454.580,454.360,0.00,0.00
22.03.2013 12:42:36.046,454.580,454.350,0.00,0.00
22.03.2013 12:42:36.453,454.580,454.360,0.00,0.00
22.03.2013 12:42:40.328,454.580,454.370,0.00,0.00
22.03.2013 12:42:41.562,454.580,454.380,0.00,0.00
22.03.2013 12:42:42.218,454.580,454.390,0.00,0.00
22.03.2013 12:42:42.968,454.580,454.380,0.00,0.00
22.03.2013 12:42:43.375,454.580,454.360,0.00,0.00
22.03.2013 12:42:44.218,454.580,454.370,0.00,0.00
22.03.2013 12:42:45.000,454.580,454.360,0.00,0.00
22.03.2013 12:42:46.265,454.580,454.350,0.00,0.00
22.03.2013 12:42:47.062,454.580,454.360,0.00,0.00
22.03.2013 12:42:48.843,454.580,454.400,0.00,0.00
22.03.2013 12:42:50.296,454.580,454.350,0.00,0.00
22.03.2013 12:42:50.562,454.580,454.360,0.00,0.00
22.03.2013 12:42:54.328,454.460,454.360,0.00,0.00
22.03.2013 12:42:54.734,454.460,454.350,0.00,0.00
22.03.2013 12:42:55.156,454.460,454.360,0.00,0.00
22.03.2013 12:42:56.218,454.460,454.350,0.00,0.00
22.03.2013 12:42:56.984,454.460,454.360,0.00,0.00
22.03.2013 12:42:58.187,454.460,454.350,0.00,0.00
22.03.2013 12:42:59.015,454.460,454.360,0.00,0.00
22.03.2013 12:43:00.218,454.460,454.350,0.00,0.00
22.03.2013 12:43:00.328,454.420,454.350,0.00,0.00
22.03.2013 12:43:01.062,454.420,454.360,0.00,0.00
22.03.2013 12:43:01.265,454.420,454.350,0.00,0.00
22.03.2013 12:43:01.296,454.420,454.370,0.00,0.00
22.03.2013 12:43:02.062,454.420,454.350,0.00,0.00
22.03.2013 12:43:02.078,454.420,454.315,0.00,0.00
22.03.2013 12:43:10.453,454.420,454.250,0.00,0.00
22.03.2013 12:43:11.250,454.420,454.250,0.00,0.00
22.03.2013 12:43:12.015,454.420,454.110,0.00,0.00
22.03.2013 12:43:12.453,454.420,454.120,0.00,0.00
22.03.2013 12:43:13.109,454.420,454.130,0.00,0.00
22.03.2013 12:43:15.093,454.420,454.140,0.00,0.00
22.03.2013 12:43:15.171,454.420,454.130,0.00,0.00
22.03.2013 12:43:15.265,454.420,454.140,0.00,0.00
22.03.2013 12:43:16.109,454.410,454.140,0.00,0.00
22.03.2013 12:43:16.375,454.410,454.130,0.00,0.00
22.03.2013 12:43:17.109,454.410,454.140,0.00,0.00
22.03.2013 12:43:22.000,454.410,454.130,0.00,0.00
22.03.2013 12:43:22.656,454.410,454.140,0.00,0.00
22.03.2013 12:43:26.843,454.410,454.150,0.00,0.00
22.03.2013 12:43:29.906,454.410,454.160,0.00,0.00
22.03.2013 12:43:31.218,454.410,454.170,0.00,0.00
22.03.2013 12:43:31.984,454.410,454.110,0.00,0.00
22.03.2013 12:43:32.187,454.410,454.120,0.00,0.00
22.03.2013 12:43:32.406,454.410,454.120,0.00,0.00
22.03.2013 12:43:33.203,454.410,454.120,0.00,0.00
22.03.2013 12:43:33.406,454.410,454.130,0.00,0.00
22.03.2013 12:43:34.609,454.410,454.110,0.00,0.00
22.03.2013 12:43:34.812,454.410,454.140,0.00,0.00
22.03.2013 12:43:35.234,454.410,454.150,0.00,0.00
22.03.2013 12:43:35.453,454.410,454.150,0.00,0.00
22.03.2013 12:43:35.640,454.410,454.140,0.00,0.00
22.03.2013 12:43:35.828,454.410,454.110,0.00,0.00
22.03.2013 12:43:36.437,454.410,454.120,0.00,0.00
22.03.2013 12:43:36.500,454.410,454.130,0.00,0.00
22.03.2013 12:43:36.828,454.410,454.120,0.00,0.00
22.03.2013 12:43:37.250,454.410,454.130,0.00,0.00
22.03.2013 12:43:37.781,454.410,454.120,0.00,0.00
22.03.2013 12:43:37.796,454.410,454.110,0.00,0.00
22.03.2013 12:43:38.468,454.410,454.120,0.00,0.00
22.03.2013 12:43:40.484,454.410,454.110,0.00,0.00
22.03.2013 12:43:41.093,454.410,454.120,0.00,0.00
22.03.2013 12:43:47.218,454.410,454.130,0.00,0.00
22.03.2013 12:43:48.437,454.410,454.120,0.00,0.00
22.03.2013 12:43:49.234,454.410,454.130,0.00,0.00
22.03.2013 12:43:50.640,454.410,454.120,0.00,0.00
22.03.2013 12:43:51.281,454.410,454.130,0.00,0.00
22.03.2013 12:43:54.390,454.410,454.120,0.00,0.00
22.03.2013 12:43:55.171,454.410,454.130,0.00,0.00
22.03.2013 12:43:56.328,454.410,454.120,0.00,0.00
22.03.2013 12:43:56.968,454.410,454.130,0.00,0.00
22.03.2013 12:43:57.406,454.410,454.140,0.00,0.00
22.03.2013 12:43:58.359,454.410,454.130,0.00,0.00
22.03.2013 12:43:58.812,454.410,454.140,0.00,0.00
22.03.2013 12:43:59.437,454.410,454.100,0.00,0.00
22.03.2013 12:44:00.203,454.410,454.110,0.00,0.00
22.03.2013 12:44:00.640,454.410,454.120,0.00,0.00
22.03.2013 12:44:00.687,454.410,454.110,0.00,0.00
22.03.2013 12:44:01.015,454.410,454.120,0.00,0.00
22.03.2013 12:44:02.015,454.410,454.130,0.00,0.00
22.03.2013 12:44:02.234,454.410,454.100,0.00,0.00
22.03.2013 12:44:02.421,454.410,454.100,0.00,0.00
22.03.2013 12:44:02.640,454.410,454.110,0.00,0.00
22.03.2013 12:44:03.234,454.410,454.110,0.00,0.00
22.03.2013 12:44:03.328,454.410,454.100,0.00,0.00
22.03.2013 12:44:03.718,454.410,454.110,0.00,0.00
22.03.2013 12:44:04.078,454.410,454.110,0.00,0.00
22.03.2013 12:44:04.093,454.410,454.120,0.00,0.00
22.03.2013 12:44:04.546,454.410,454.110,0.00,0.00
22.03.2013 12:44:05.078,454.410,454.120,0.00,0.00
22.03.2013 12:44:05.515,454.410,454.130,0.00,0.00
22.03.2013 12:44:05.875,454.410,454.100,0.00,0.00
22.03.2013 12:44:06.093,454.410,454.110,0.00,0.00
22.03.2013 12:44:06.484,454.410,454.110,0.00,0.00
22.03.2013 12:44:06.718,454.410,454.100,0.00,0.00
22.03.2013 12:44:07.296,454.410,454.120,0.00,0.00
22.03.2013 12:44:07.312,454.410,454.130,0.00,0.00
22.03.2013 12:44:07.500,454.410,454.130,0.00,0.00
22.03.2013 12:44:07.734,454.410,454.130,0.00,0.00
22.03.2013 12:44:07.750,454.410,454.120,0.00,0.00
22.03.2013 12:44:08.312,454.410,454.100,0.00,0.00
22.03.2013 12:44:08.343,454.410,454.130,0.00,0.00
22.03.2013 12:44:08.718,454.410,454.140,0.00,0.00
22.03.2013 12:44:08.937,454.410,454.130,0.00,0.00
22.03.2013 12:44:09.000,454.410,454.100,0.00,0.00
22.03.2013 12:44:09.078,454.410,454.130,0.00,0.00
22.03.2013 12:44:11.109,454.410,454.130,0.00,0.00
22.03.2013 12:44:11.796,454.410,454.100,0.00,0.00
22.03.2013 12:44:12.484,454.410,454.110,0.00,0.00
22.03.2013 12:44:15.968,454.410,454.100,0.00,0.00
22.03.2013 12:44:16.875,454.410,454.110,0.00,0.00
22.03.2013 12:44:21.062,454.420,454.110,0.00,0.00
22.03.2013 12:44:21.546,454.420,454.110,0.00,0.00
22.03.2013 12:44:21.578,454.420,454.110,0.00,0.00
22.03.2013 12:44:21.625,454.420,454.110,0.00,0.00
22.03.2013 12:44:21.921,454.420,454.110,0.00,0.00
22.03.2013 12:44:21.937,454.420,454.110,0.00,0.00
22.03.2013 12:44:21.984,454.420,454.110,0.00,0.00
22.03.2013 12:44:24.000,454.420,454.160,0.00,0.00
22.03.2013 12:44:26.359,454.420,454.160,0.00,0.00
22.03.2013 12:44:26.968,454.420,454.180,0.00,0.00
22.03.2013 12:44:29.875,454.420,454.200,0.00,0.00
22.03.2013 12:44:32.890,454.420,454.220,0.00,0.00
22.03.2013 12:44:33.968,454.420,454.230,0.00,0.00
22.03.2013 12:44:34.531,454.580,454.230,0.00,0.00
22.03.2013 12:44:34.937,454.580,454.220,0.00,0.00
22.03.2013 12:44:35.375,454.580,454.200,0.00,0.00
22.03.2013 12:44:36.796,454.580,454.210,0.00,0.00
22.03.2013 12:44:37.156,454.570,454.210,0.00,0.00
22.03.2013 12:44:38.000,454.570,454.200,0.00,0.00
22.03.2013 12:44:39.218,454.570,454.210,0.00,0.00
22.03.2013 12:44:40.453,454.570,454.200,0.00,0.00
22.03.2013 12:44:40.828,454.570,454.210,0.00,0.00
22.03.2013 12:44:41.718,454.570,454.200,0.00,0.00
22.03.2013 12:44:41.812,454.570,454.210,0.00,0.00
22.03.2013 12:44:42.093,454.570,454.200,0.00,0.00
22.03.2013 12:44:42.296,454.570,454.210,0.00,0.00
22.03.2013 12:44:43.484,454.570,454.200,0.00,0.00
22.03.2013 12:44:43.656,454.570,454.210,0.00,0.00
22.03.2013 12:44:44.078,454.570,454.200,0.00,0.00
22.03.2013 12:44:44.468,454.570,454.210,0.00,0.00
22.03.2013 12:44:45.343,454.570,454.200,0.00,0.00
22.03.2013 12:44:46.031,454.570,454.210,0.00,0.00
22.03.2013 12:44:49.156,454.570,454.220,0.00,0.00
22.03.2013 12:44:50.062,454.570,454.230,0.00,0.00
22.03.2013 12:44:51.890,454.570,454.220,0.00,0.00
22.03.2013 12:44:52.265,454.570,454.230,0.00,0.00
22.03.2013 12:44:54.171,454.570,454.220,0.00,0.00
22.03.2013 12:44:54.750,454.570,454.230,0.00,0.00
22.03.2013 12:44:54.890,454.570,454.220,0.00,0.00
22.03.2013 12:44:55.437,454.570,454.230,0.00,0.00
22.03.2013 12:44:56.484,454.570,454.220,0.00,0.00
22.03.2013 12:44:56.828,454.570,454.230,0.00,0.00
22.03.2013 12:44:58.890,454.570,454.220,0.00,0.00
22.03.2013 12:44:59.500,454.570,454.230,0.00,0.00
22.03.2013 12:45:00.218,454.570,454.220,0.00,0.00
22.03.2013 12:45:00.718,454.580,454.220,0.00,0.00
22.03.2013 12:45:01.765,454.580,454.230,0.00,0.00
22.03.2013 12:45:03.015,454.580,454.220,0.00,0.00
22.03.2013 12:45:03.781,454.580,454.230,0.00,0.00
22.03.2013 12:45:03.984,454.580,454.230,0.00,0.00
22.03.2013 12:45:05.234,454.580,454.230,0.00,0.00
22.03.2013 12:45:05.593,454.580,454.240,0.00,0.00
22.03.2013 12:45:06.875,454.580,454.250,0.00,0.00
22.03.2013 12:45:07.468,454.580,454.200,0.00,0.00
22.03.2013 12:45:07.828,454.580,454.210,0.00,0.00
22.03.2013 12:45:08.000,454.580,454.210,0.00,0.00
22.03.2013 12:45:08.250,454.580,454.210,0.00,0.00
22.03.2013 12:45:08.265,454.580,454.220,0.00,0.00
22.03.2013 12:45:08.656,454.580,454.210,0.00,0.00
22.03.2013 12:45:08.734,454.580,454.220,0.00,0.00
22.03.2013 12:45:09.078,454.580,454.210,0.00,0.00
22.03.2013 12:45:09.125,454.580,454.200,0.00,0.00
22.03.2013 12:45:09.296,454.580,454.210,0.00,0.00
22.03.2013 12:45:09.671,454.580,454.220,0.00,0.00
22.03.2013 12:45:09.906,454.580,454.200,0.00,0.00
22.03.2013 12:45:10.093,454.580,454.230,0.00,0.00
22.03.2013 12:45:10.265,454.580,454.210,0.00,0.00
22.03.2013 12:45:10.437,454.580,454.200,0.00,0.00
22.03.2013 12:45:10.671,454.580,454.220,0.00,0.00
22.03.2013 12:45:10.734,454.540,454.220,0.00,0.00
22.03.2013 12:45:10.750,454.540,454.210,0.00,0.00
22.03.2013 12:45:11.140,454.540,454.230,0.00,0.00
22.03.2013 12:45:11.156,454.540,454.200,0.00,0.00
22.03.2013 12:45:11.531,454.540,454.210,0.00,0.00
22.03.2013 12:45:13.921,454.580,454.210,0.00,0.00
22.03.2013 12:45:14.328,454.540,454.210,0.00,0.00
22.03.2013 12:45:19.031,454.540,454.200,0.00,0.00
22.03.2013 12:45:19.812,454.540,454.210,0.00,0.00
22.03.2013 12:45:19.859,454.580,454.210,0.00,0.00
22.03.2013 12:45:21.281,454.580,454.200,0.00,0.00
22.03.2013 12:45:21.531,454.580,454.210,0.00,0.00
22.03.2013 12:45:21.859,454.580,454.220,0.00,0.00
22.03.2013 12:45:22.921,454.580,454.210,0.00,0.00
22.03.2013 12:45:22.937,454.580,454.200,0.00,0.00
22.03.2013 12:45:23.484,454.580,454.210,0.00,0.00
22.03.2013 12:45:24.078,454.580,454.220,0.00,0.00
22.03.2013 12:45:24.656,454.580,454.200,0.00,0.00
22.03.2013 12:45:24.921,454.580,454.230,0.00,0.00
22.03.2013 12:45:25.906,454.580,454.200,0.00,0.00
22.03.2013 12:45:26.343,454.580,454.210,0.00,0.00
22.03.2013 12:45:28.765,454.580,454.200,0.00,0.00
22.03.2013 12:45:28.781,454.420,454.200,0.00,0.00
22.03.2013 12:45:29.046,454.420,454.210,0.00,0.00
22.03.2013 12:45:37.140,454.420,454.300,0.00,0.00
22.03.2013 12:45:39.921,454.420,454.200,0.00,0.00
22.03.2013 12:45:41.593,454.570,454.400,0.00,0.00
22.03.2013 12:45:41.625,454.570,454.400,0.00,0.00
22.03.2013 12:45:41.640,454.580,454.470,0.00,0.00
22.03.2013 12:45:43.375,454.580,454.415,0.00,0.00
22.03.2013 12:45:44.640,454.580,454.333,0.00,0.00
22.03.2013 12:45:45.828,454.320,454.210,0.00,0.00
22.03.2013 12:45:46.625,454.375,454.210,0.00,0.00
22.03.2013 12:45:46.640,454.458,454.210,0.00,0.00
22.03.2013 12:45:46.656,454.580,454.210,0.00,0.00
22.03.2013 12:45:46.859,454.580,454.200,0.00,0.00
22.03.2013 12:45:47.796,454.580,454.210,0.00,0.00
22.03.2013 12:45:49.265,454.540,454.210,0.00,0.00
22.03.2013 12:45:53.125,454.540,454.210,0.00,0.00
22.03.2013 12:45:54.343,454.540,454.300,0.00,0.00
22.03.2013 12:45:54.359,454.580,454.300,0.00,0.00
22.03.2013 12:45:55.156,454.540,454.300,0.00,0.00
22.03.2013 12:45:57.656,454.540,454.310,0.00,0.00
22.03.2013 12:45:58.406,454.530,454.310,0.00,0.00
22.03.2013 12:45:59.437,454.530,454.300,0.00,0.00
22.03.2013 12:46:04.406,454.580,454.300,0.00,0.00
22.03.2013 12:46:07.640,454.540,454.300,0.00,0.00
22.03.2013 12:46:08.359,454.530,454.300,0.00,0.00
22.03.2013 12:46:10.015,454.540,454.300,0.00,0.00
22.03.2013 12:46:10.140,454.580,454.300,0.00,0.00
22.03.2013 12:46:10.609,454.540,454.300,0.00,0.00
22.03.2013 12:46:11.640,454.540,454.300,0.00,0.00
22.03.2013 12:46:19.937,454.580,454.300,0.00,0.00
22.03.2013 12:46:20.750,454.540,454.300,0.00,0.00
22.03.2013 12:46:22.796,454.530,454.300,0.00,0.00
22.03.2013 12:46:25.359,454.540,454.300,0.00,0.00
22.03.2013 12:46:27.875,454.580,454.300,0.00,0.00
22.03.2013 12:46:28.062,454.520,454.300,0.00,0.00
22.03.2013 12:46:28.265,454.520,454.300,0.00,0.00
22.03.2013 12:46:29.281,454.540,454.300,0.00,0.00
22.03.2013 12:46:29.890,454.540,454.300,0.00,0.00
22.03.2013 12:46:31.281,454.580,454.300,0.00,0.00
22.03.2013 12:46:31.953,454.540,454.300,0.00,0.00
22.03.2013 12:46:32.593,454.570,454.300,0.00,0.00
22.03.2013 12:46:33.375,454.540,454.300,0.00,0.00
22.03.2013 12:46:34.562,454.570,454.300,0.00,0.00
22.03.2013 12:46:35.390,454.540,454.300,0.00,0.00
22.03.2013 12:46:36.015,454.570,454.300,0.00,0.00
22.03.2013 12:46:36.671,454.540,454.300,0.00,0.00
22.03.2013 12:46:37.234,454.570,454.300,0.00,0.00
22.03.2013 12:46:37.875,454.540,454.300,0.00,0.00
22.03.2013 12:46:39.859,454.570,454.300,0.00,0.00
22.03.2013 12:46:40.484,454.540,454.300,0.00,0.00
22.03.2013 12:46:41.875,454.540,454.300,0.00,0.00
22.03.2013 12:46:52.234,454.400,454.300,0.00,0.00
22.03.2013 12:46:59.578,454.400,454.250,0.00,0.00
22.03.2013 12:47:07.265,454.400,454.110,0.00,0.00
22.03.2013 12:47:08.687,454.400,454.100,0.00,0.00
22.03.2013 12:47:08.984,454.400,454.120,0.00,0.00
22.03.2013 12:47:49.734,454.400,454.300,0.00,0.00
22.03.2013 12:47:50.171,454.400,454.310,0.00,0.00
22.03.2013 12:47:50.953,454.400,454.300,0.00,0.00
22.03.2013 12:47:54.406,454.400,454.250,0.00,0.00
22.03.2013 12:47:54.593,454.390,454.120,0.00,0.00
22.03.2013 12:47:56.890,454.390,454.100,0.00,0.00
22.03.2013 12:48:04.390,454.390,454.100,0.00,0.00
22.03.2013 12:48:05.203,454.390,454.120,0.00,0.00
22.03.2013 12:48:15.328,454.400,454.120,0.00,0.00
22.03.2013 12:48:16.531,454.390,454.120,0.00,0.00
22.03.2013 12:48:23.453,454.390,454.120,0.00,0.00
22.03.2013 12:48:28.125,454.390,454.100,0.00,0.00
22.03.2013 12:48:28.531,454.580,454.110,0.00,0.00
22.03.2013 12:48:29.156,454.570,454.110,0.00,0.00
22.03.2013 12:49:05.687,454.570,454.120,0.00,0.00
22.03.2013 12:49:05.703,454.570,454.120,0.00,0.00
22.03.2013 12:49:05.718,454.570,454.110,0.00,0.00
22.03.2013 12:49:05.734,454.570,454.110,0.00,0.00
22.03.2013 12:49:05.750,454.570,454.110,0.00,0.00
22.03.2013 12:49:05.765,454.570,454.110,0.00,0.00
22.03.2013 12:49:05.781,454.570,454.120,0.00,0.00
22.03.2013 12:49:05.796,454.570,454.120,0.00,0.00
22.03.2013 12:49:05.812,454.570,454.120,0.00,0.00
22.03.2013 12:49:05.828,454.570,454.120,0.00,0.00
22.03.2013 12:49:06.093,454.570,454.110,0.00,0.00
22.03.2013 12:49:06.109,454.570,454.120,0.00,0.00
22.03.2013 12:49:06.125,454.570,454.120,0.00,0.00
22.03.2013 12:49:06.140,454.570,454.120,0.00,0.00
22.03.2013 12:49:06.156,454.570,454.110,0.00,0.00
22.03.2013 12:49:06.171,454.570,454.120,0.00,0.00
22.03.2013 12:49:06.187,454.570,454.120,0.00,0.00
22.03.2013 12:49:06.203,454.570,454.110,0.00,0.00
22.03.2013 12:49:06.218,454.570,454.120,0.00,0.00
22.03.2013 12:49:06.234,454.570,454.110,0.00,0.00
22.03.2013 12:49:06.250,454.570,454.120,0.00,0.00
22.03.2013 12:49:06.265,454.570,454.110,0.00,0.00
22.03.2013 12:49:06.281,454.570,454.120,0.00,0.00
22.03.2013 12:49:06.296,454.570,454.120,0.00,0.00
22.03.2013 12:49:08.437,454.560,454.110,0.00,0.00
22.03.2013 12:49:09.343,454.570,454.110,0.00,0.00
22.03.2013 12:49:26.687,454.540,454.110,0.00,0.00
22.03.2013 12:49:27.843,454.570,454.110,0.00,0.00
22.03.2013 12:49:28.234,454.450,454.110,0.00,0.00
22.03.2013 12:49:29.453,454.440,454.110,0.00,0.00
22.03.2013 12:49:30.281,454.450,454.110,0.00,0.00
22.03.2013 12:49:30.296,454.450,454.100,0.00,0.00
22.03.2013 12:49:30.718,454.440,454.100,0.00,0.00
22.03.2013 12:49:30.765,454.440,454.120,0.00,0.00
22.03.2013 12:49:32.296,454.430,454.120,0.00,0.00
22.03.2013 12:49:33.390,454.420,454.120,0.00,0.00
22.03.2013 12:49:35.562,454.420,454.120,0.00,0.00
22.03.2013 12:49:36.453,454.410,454.120,0.00,0.00
22.03.2013 12:49:37.578,454.400,454.120,0.00,0.00
22.03.2013 12:49:38.109,454.390,454.120,0.00,0.00
22.03.2013 12:49:38.437,454.390,454.150,0.00,0.00
22.03.2013 12:49:38.718,454.400,454.150,0.00,0.00
22.03.2013 12:49:39.421,454.390,454.150,0.00,0.00
22.03.2013 12:49:42.046,454.450,454.150,0.00,0.00
22.03.2013 12:49:42.468,454.440,454.150,0.00,0.00
22.03.2013 12:49:43.468,454.450,454.150,0.00,0.00
22.03.2013 12:49:43.750,454.350,454.150,0.00,0.00
22.03.2013 12:49:44.296,454.340,454.150,0.00,0.00
22.03.2013 12:49:45.015,454.450,454.150,0.00,0.00
22.03.2013 12:49:45.546,454.440,454.150,0.00,0.00
22.03.2013 12:49:57.890,454.450,454.150,0.00,0.00
22.03.2013 12:49:58.296,454.440,454.150,0.00,0.00
22.03.2013 12:50:08.234,454.400,454.150,0.00,0.00
22.03.2013 12:50:15.375,454.390,454.150,0.00,0.00
22.03.2013 12:50:16.796,454.390,454.160,0.00,0.00
22.03.2013 12:50:17.218,454.400,454.160,0.00,0.00
22.03.2013 12:50:18.062,454.390,454.160,0.00,0.00
22.03.2013 12:50:19.031,454.400,454.160,0.00,0.00
22.03.2013 12:50:19.828,454.390,454.160,0.00,0.00
22.03.2013 12:50:20.046,454.400,454.160,0.00,0.00
22.03.2013 12:50:20.484,454.390,454.160,0.00,0.00
22.03.2013 12:50:21.250,454.400,454.160,0.00,0.00
22.03.2013 12:50:21.562,454.390,454.160,0.00,0.00
22.03.2013 12:50:22.281,454.390,454.150,0.00,0.00
22.03.2013 12:50:22.671,454.400,454.160,0.00,0.00
22.03.2013 12:50:23.093,454.390,454.150,0.00,0.00
22.03.2013 12:50:23.109,454.390,454.160,0.00,0.00
22.03.2013 12:50:23.500,454.400,454.160,0.00,0.00
22.03.2013 12:50:23.906,454.390,454.160,0.00,0.00
22.03.2013 12:50:24.531,454.390,454.150,0.00,0.00
22.03.2013 12:50:24.546,454.400,454.150,0.00,0.00
22.03.2013 12:50:25.359,454.400,454.160,0.00,0.00
22.03.2013 12:50:26.125,454.390,454.160,0.00,0.00
22.03.2013 12:50:26.328,454.390,454.150,0.00,0.00
22.03.2013 12:50:26.546,454.400,454.150,0.00,0.00
22.03.2013 12:50:26.750,454.400,454.160,0.00,0.00
22.03.2013 12:50:26.937,454.400,454.150,0.00,0.00
22.03.2013 12:50:27.359,454.390,454.150,0.00,0.00
22.03.2013 12:50:27.765,454.400,454.160,0.00,0.00
22.03.2013 12:50:27.781,454.400,454.150,0.00,0.00
22.03.2013 12:50:28.593,454.390,454.150,0.00,0.00
22.03.2013 12:50:28.984,454.390,454.160,0.00,0.00
22.03.2013 12:50:29.000,454.390,454.150,0.00,0.00
22.03.2013 12:50:29.406,454.390,454.160,0.00,0.00
22.03.2013 12:50:30.609,454.400,454.160,0.00,0.00
22.03.2013 12:50:31.000,454.390,454.160,0.00,0.00
22.03.2013 12:50:31.062,454.390,454.150,0.00,0.00
22.03.2013 12:50:31.828,454.400,454.150,0.00,0.00
22.03.2013 12:50:32.843,454.390,454.150,0.00,0.00
22.03.2013 12:50:34.656,454.400,454.150,0.00,0.00
22.03.2013 12:50:35.468,454.390,454.150,0.00,0.00
22.03.2013 12:50:41.843,454.400,454.150,0.00,0.00
22.03.2013 12:50:42.578,454.390,454.150,0.00,0.00
22.03.2013 12:51:10.453,454.400,454.150,0.00,0.00
22.03.2013 12:51:13.406,454.400,454.150,0.00,0.00
22.03.2013 12:51:21.187,454.400,454.160,0.00,0.00
22.03.2013 12:51:28.250,454.400,454.150,0.00,0.00
22.03.2013 12:51:58.156,454.300,454.150,0.00,0.00
22.03.2013 12:51:59.765,454.400,454.150,0.00,0.00
22.03.2013 12:52:06.921,454.390,454.150,0.00,0.00
22.03.2013 12:52:11.390,454.380,454.150,0.00,0.00
22.03.2013 12:52:22.750,454.390,454.150,0.00,0.00
22.03.2013 12:52:23.546,454.380,454.150,0.00,0.00
22.03.2013 12:52:25.984,454.400,454.150,0.00,0.00
22.03.2013 12:52:26.000,454.400,454.150,0.00,0.00
22.03.2013 12:52:26.015,454.400,454.110,0.00,0.00
22.03.2013 12:52:26.171,454.400,454.100,0.00,0.00
22.03.2013 12:52:26.187,454.400,454.010,0.00,0.00
22.03.2013 12:52:28.843,454.400,454.010,0.00,0.00
22.03.2013 12:52:30.859,454.400,454.110,0.00,0.00
22.03.2013 12:52:33.078,454.390,454.020,0.00,0.00
22.03.2013 12:52:35.531,454.390,454.030,0.00,0.00
22.03.2013 12:52:40.203,454.390,454.020,0.00,0.00
22.03.2013 12:52:40.671,454.390,454.030,0.00,0.00
22.03.2013 12:52:59.140,454.380,454.030,0.00,0.00
22.03.2013 12:53:01.265,454.370,454.030,0.00,0.00
22.03.2013 12:53:02.796,454.370,454.020,0.00,0.00
22.03.2013 12:53:03.546,454.360,454.020,0.00,0.00
22.03.2013 12:53:03.625,454.360,454.020,0.00,0.00
22.03.2013 12:53:04.156,454.360,454.020,0.00,0.00
22.03.2013 12:53:05.171,454.350,454.020,0.00,0.00
22.03.2013 12:53:05.609,454.350,454.030,0.00,0.00
22.03.2013 12:53:08.453,454.350,454.020,0.00,0.00
22.03.2013 12:53:08.843,454.390,454.020,0.00,0.00
22.03.2013 12:53:10.046,454.390,454.030,0.00,0.00
22.03.2013 12:53:10.109,454.400,454.030,0.00,0.00
22.03.2013 12:53:10.531,454.390,454.030,0.00,0.00
22.03.2013 12:53:11.515,454.390,454.020,0.00,0.00
22.03.2013 12:53:12.296,454.380,454.020,0.00,0.00
22.03.2013 12:53:12.890,454.380,454.020,0.00,0.00
22.03.2013 12:53:14.109,454.380,454.030,0.00,0.00
22.03.2013 12:53:14.718,454.370,454.030,0.00,0.00
22.03.2013 12:53:15.750,454.360,454.030,0.00,0.00
22.03.2013 12:53:19.859,454.360,454.030,0.00,0.00
22.03.2013 12:53:21.828,454.020,454.000,0.00,0.00
22.03.2013 12:53:21.843,454.020,454.000,0.00,0.00
22.03.2013 12:53:23.062,454.030,454.000,0.00,0.00
22.03.2013 12:53:25.281,454.055,454.010,0.00,0.00
22.03.2013 12:53:25.312,454.078,454.010,0.00,0.00
22.03.2013 12:53:26.000,454.112,454.010,0.00,0.00
22.03.2013 12:53:26.531,454.163,454.010,0.00,0.00
22.03.2013 12:53:27.593,454.240,454.010,0.00,0.00
22.03.2013 12:53:30.390,454.370,454.020,0.00,0.00
22.03.2013 12:53:30.968,454.380,454.020,0.00,0.00
22.03.2013 12:53:31.609,454.370,454.020,0.00,0.00
22.03.2013 12:53:33.406,454.360,454.020,0.00,0.00
22.03.2013 12:53:34.453,454.350,454.020,0.00,0.00
22.03.2013 12:53:36.062,454.340,454.020,0.00,0.00
22.03.2013 12:53:38.281,454.400,454.020,0.00,0.00
22.03.2013 12:53:39.093,454.390,454.020,0.00,0.00
22.03.2013 12:53:42.578,454.390,454.020,0.00,0.00
22.03.2013 12:53:42.968,454.400,454.020,0.00,0.00
22.03.2013 12:53:43.375,454.390,454.020,0.00,0.00
22.03.2013 12:53:47.015,454.400,454.020,0.00,0.00
22.03.2013 12:53:47.468,454.390,454.020,0.00,0.00
22.03.2013 12:53:53.359,454.400,454.020,0.00,0.00
22.03.2013 12:53:53.906,454.390,454.020,0.00,0.00
22.03.2013 12:54:03.281,454.390,454.010,0.00,0.00
22.03.2013 12:54:04.140,454.390,454.020,0.00,0.00
22.03.2013 12:54:05.531,454.390,454.010,0.00,0.00
22.03.2013 12:54:06.109,454.390,454.020,0.00,0.00
22.03.2013 12:54:06.968,454.390,454.200,0.00,0.00
22.03.2013 12:54:07.984,454.390,454.210,0.00,0.00
22.03.2013 12:54:08.343,454.390,454.200,0.00,0.00
22.03.2013 12:54:08.593,454.390,454.020,0.00,0.00
22.03.2013 12:54:08.609,454.180,454.010,0.00,0.00
22.03.2013 12:54:09.140,454.265,454.010,0.00,0.00
22.03.2013 12:54:09.984,454.380,454.010,0.00,0.00
22.03.2013 12:54:10.843,454.380,454.020,0.00,0.00
22.03.2013 12:54:11.812,454.390,454.020,0.00,0.00
22.03.2013 12:54:11.828,454.390,454.030,0.00,0.00
22.03.2013 12:54:12.484,454.390,454.030,0.00,0.00
22.03.2013 12:54:13.015,454.380,454.030,0.00,0.00
22.03.2013 12:54:13.843,454.370,454.030,0.00,0.00
22.03.2013 12:54:15.468,454.340,454.030,0.00,0.00
22.03.2013 12:54:17.484,454.330,454.030,0.00,0.00
22.03.2013 12:54:17.500,454.330,454.020,0.00,0.00
22.03.2013 12:54:18.562,454.290,454.020,0.00,0.00
22.03.2013 12:54:18.578,454.240,454.020,0.00,0.00
22.03.2013 12:54:19.093,454.330,454.020,0.00,0.00
22.03.2013 12:54:19.515,454.320,454.020,0.00,0.00
22.03.2013 12:54:20.500,454.310,454.020,0.00,0.00
22.03.2013 12:54:20.515,454.310,454.020,0.00,0.00
22.03.2013 12:54:20.562,454.300,454.030,0.00,0.00
22.03.2013 12:54:20.593,454.310,454.030,0.00,0.00
22.03.2013 12:54:21.046,454.300,454.030,0.00,0.00
22.03.2013 12:54:21.062,454.320,454.030,0.00,0.00
22.03.2013 12:54:21.343,454.310,454.030,0.00,0.00
22.03.2013 12:54:22.062,454.300,454.030,0.00,0.00
22.03.2013 12:54:22.187,454.310,454.030,0.00,0.00
22.03.2013 12:54:22.265,454.300,454.030,0.00,0.00
22.03.2013 12:54:22.484,454.310,454.030,0.00,0.00
22.03.2013 12:54:22.812,454.300,454.030,0.00,0.00
22.03.2013 12:54:23.265,454.310,454.030,0.00,0.00
22.03.2013 12:54:23.312,454.300,454.030,0.00,0.00
22.03.2013 12:54:23.593,454.400,454.030,0.00,0.00
22.03.2013 12:54:24.203,454.390,454.030,0.00,0.00
22.03.2013 12:54:24.218,454.390,454.030,0.00,0.00
22.03.2013 12:54:24.406,454.390,454.030,0.00,0.00
22.03.2013 12:54:25.078,454.380,454.030,0.00,0.00
22.03.2013 12:54:25.109,454.380,454.030,0.00,0.00
22.03.2013 12:54:25.406,454.390,454.030,0.00,0.00
22.03.2013 12:54:25.812,454.380,454.030,0.00,0.00
22.03.2013 12:54:25.890,454.390,454.030,0.00,0.00
22.03.2013 12:54:25.921,454.380,454.030,0.00,0.00
22.03.2013 12:54:26.296,454.390,454.030,0.00,0.00
22.03.2013 12:54:26.656,454.380,454.030,0.00,0.00
22.03.2013 12:54:27.031,454.390,454.030,0.00,0.00
22.03.2013 12:54:27.093,454.380,454.030,0.00,0.00
22.03.2013 12:54:27.484,454.390,454.030,0.00,0.00
22.03.2013 12:54:27.671,454.380,454.030,0.00,0.00
22.03.2013 12:54:28.046,454.370,454.030,0.00,0.00
22.03.2013 12:54:28.453,454.380,454.030,0.00,0.00
22.03.2013 12:54:28.656,454.390,454.030,0.00,0.00
22.03.2013 12:54:29.062,454.390,454.020,0.00,0.00
22.03.2013 12:54:29.953,454.380,454.020,0.00,0.00
22.03.2013 12:54:32.000,454.370,454.020,0.00,0.00
22.03.2013 12:54:32.718,454.360,454.020,0.00,0.00
22.03.2013 12:54:38.000,454.350,454.030,0.00,0.00
22.03.2013 12:54:38.031,454.340,454.030,0.00,0.00
22.03.2013 12:54:39.234,454.330,454.030,0.00,0.00
22.03.2013 12:54:39.875,454.330,454.040,0.00,0.00
22.03.2013 12:54:39.890,454.320,454.040,0.00,0.00
22.03.2013 12:54:42.281,454.310,454.040,0.00,0.00
22.03.2013 12:54:42.765,454.290,454.040,0.00,0.00
22.03.2013 12:54:44.328,454.280,454.040,0.00,0.00
22.03.2013 12:54:45.109,454.290,454.040,0.00,0.00
22.03.2013 12:54:45.156,454.280,454.040,0.00,0.00
22.03.2013 12:54:45.515,454.280,454.050,0.00,0.00
22.03.2013 12:54:47.343,454.250,454.050,0.00,0.00
22.03.2013 12:54:47.984,454.240,454.050,0.00,0.00
22.03.2013 12:54:48.328,454.250,454.050,0.00,0.00
22.03.2013 12:54:49.187,454.240,454.050,0.00,0.00
22.03.2013 12:54:50.000,454.240,454.010,0.00,0.00
22.03.2013 12:54:51.406,454.240,454.020,0.00,0.00
22.03.2013 12:54:51.953,454.250,454.020,0.00,0.00
22.03.2013 12:54:55.546,454.240,454.020,0.00,0.00
22.03.2013 12:55:02.453,454.180,454.020,0.00,0.00
22.03.2013 12:55:07.453,454.250,454.020,0.00,0.00
22.03.2013 12:55:09.484,454.100,454.020,0.00,0.00
22.03.2013 12:55:13.562,454.090,454.020,0.00,0.00
22.03.2013 12:55:13.734,454.100,454.020,0.00,0.00
22.03.2013 12:55:14.984,454.140,454.020,0.00,0.00
22.03.2013 12:55:21.546,454.250,454.030,0.00,0.00
22.03.2013 12:55:32.453,454.250,454.060,0.00,0.00
22.03.2013 12:55:33.875,454.250,454.020,0.00,0.00
22.03.2013 12:55:33.890,454.250,454.070,0.00,0.00
22.03.2013 12:55:35.921,454.250,454.020,0.00,0.00
22.03.2013 12:55:36.781,454.250,454.030,0.00,0.00
22.03.2013 12:55:41.593,454.250,454.020,0.00,0.00
22.03.2013 12:55:43.468,454.250,454.030,0.00,0.00
22.03.2013 12:55:49.312,454.250,454.200,0.00,0.00
22.03.2013 12:55:50.359,454.250,454.200,0.00,0.00
22.03.2013 12:55:51.156,454.250,454.200,0.00,0.00
22.03.2013 12:55:51.937,454.250,454.200,0.00,0.00
22.03.2013 12:55:52.906,454.250,454.175,0.00,0.00
22.03.2013 12:55:54.453,454.250,454.138,0.00,0.00
22.03.2013 12:55:56.203,454.250,454.040,0.00,0.00
22.03.2013 12:55:56.843,454.250,454.030,0.00,0.00
22.03.2013 12:55:56.875,454.250,454.040,0.00,0.00
22.03.2013 12:55:57.234,454.250,454.050,0.00,0.00
22.03.2013 12:55:58.031,454.250,454.060,0.00,0.00
22.03.2013 12:55:58.078,454.250,454.070,0.00,0.00
22.03.2013 12:55:59.046,454.250,454.080,0.00,0.00
22.03.2013 12:56:00.968,454.250,454.030,0.00,0.00
22.03.2013 12:56:01.500,454.250,454.040,0.00,0.00
22.03.2013 12:56:01.890,454.250,454.050,0.00,0.00
22.03.2013 12:56:03.312,454.250,454.030,0.00,0.00
22.03.2013 12:56:03.328,454.250,454.040,0.00,0.00
22.03.2013 12:56:03.796,454.250,454.040,0.00,0.00
22.03.2013 12:56:04.218,454.250,454.040,0.00,0.00
22.03.2013 12:56:04.343,454.250,454.050,0.00,0.00
22.03.2013 12:56:04.750,454.250,454.050,0.00,0.00
22.03.2013 12:56:05.187,454.250,454.050,0.00,0.00
22.03.2013 12:56:05.546,454.250,454.060,0.00,0.00
22.03.2013 12:56:05.562,454.250,454.060,0.00,0.00
22.03.2013 12:56:06.578,454.250,454.060,0.00,0.00
22.03.2013 12:56:06.796,454.250,454.070,0.00,0.00
22.03.2013 12:56:07.171,454.250,454.070,0.00,0.00
22.03.2013 12:56:07.609,454.250,454.070,0.00,0.00
22.03.2013 12:56:08.031,454.250,454.080,0.00,0.00
22.03.2013 12:56:09.437,454.250,454.090,0.00,0.00
22.03.2013 12:56:10.703,454.250,454.100,0.00,0.00
22.03.2013 12:56:12.484,454.250,454.010,0.00,0.00
22.03.2013 12:56:13.296,454.250,454.020,0.00,0.00
22.03.2013 12:56:14.093,454.250,454.030,0.00,0.00
22.03.2013 12:56:14.328,454.060,454.030,0.00,0.00
22.03.2013 12:56:15.093,454.060,454.040,0.00,0.00
22.03.2013 12:56:15.718,454.070,454.040,0.00,0.00
22.03.2013 12:56:17.328,454.075,454.030,0.00,0.00
22.03.2013 12:56:18.343,454.108,454.040,0.00,0.00
22.03.2013 12:56:19.375,454.152,454.050,0.00,0.00
22.03.2013 12:56:20.437,454.250,454.110,0.00,0.00
22.03.2013 12:56:21.421,454.250,454.050,0.00,0.00
22.03.2013 12:56:21.468,454.250,454.040,0.00,0.00
22.03.2013 12:56:22.234,454.250,454.030,0.00,0.00
22.03.2013 12:56:22.281,454.250,454.010,0.00,0.00
22.03.2013 12:56:25.031,454.250,454.020,0.00,0.00
22.03.2013 12:56:26.109,454.250,454.020,0.00,0.00
22.03.2013 12:56:26.500,454.390,454.020,0.00,0.00
22.03.2013 12:56:26.515,454.400,454.020,0.00,0.00
22.03.2013 12:56:26.671,454.400,454.030,0.00,0.00
22.03.2013 12:56:30.765,454.340,454.030,0.00,0.00
22.03.2013 12:56:31.953,454.290,454.030,0.00,0.00
22.03.2013 12:56:33.171,454.280,454.030,0.00,0.00
22.03.2013 12:56:34.812,454.240,454.030,0.00,0.00
22.03.2013 12:56:36.062,454.290,454.030,0.00,0.00
22.03.2013 12:56:36.078,454.400,454.030,0.00,0.00
22.03.2013 12:56:37.453,454.400,454.040,0.00,0.00
22.03.2013 12:56:38.078,454.400,454.030,0.00,0.00
22.03.2013 12:56:38.765,454.400,454.030,0.00,0.00
22.03.2013 12:56:41.296,454.390,454.030,0.00,0.00
22.03.2013 12:56:42.937,454.400,454.030,0.00,0.00
22.03.2013 12:56:43.125,454.400,454.020,0.00,0.00
22.03.2013 12:56:43.546,454.390,454.020,0.00,0.00
22.03.2013 12:56:43.765,454.390,454.030,0.00,0.00
22.03.2013 12:56:43.968,454.400,454.030,0.00,0.00
22.03.2013 12:56:44.562,454.390,454.030,0.00,0.00
22.03.2013 12:56:45.359,454.400,454.030,0.00,0.00
22.03.2013 12:56:45.765,454.390,454.030,0.00,0.00
22.03.2013 12:56:46.093,454.400,454.030,0.00,0.00
22.03.2013 12:56:46.656,454.390,454.030,0.00,0.00
22.03.2013 12:56:47.078,454.400,454.030,0.00,0.00
22.03.2013 12:56:47.500,454.390,454.030,0.00,0.00
22.03.2013 12:56:48.109,454.400,454.030,0.00,0.00
22.03.2013 12:56:49.234,454.400,454.030,0.00,0.00
22.03.2013 12:56:49.843,454.400,454.030,0.00,0.00
22.03.2013 12:56:50.640,454.390,454.030,0.00,0.00
22.03.2013 12:56:51.062,454.400,454.030,0.00,0.00
22.03.2013 12:56:51.328,454.500,454.030,0.00,0.00
22.03.2013 12:56:51.343,454.200,454.030,0.00,0.00
22.03.2013 12:56:51.703,454.200,454.040,0.00,0.00
22.03.2013 12:56:53.343,454.200,454.050,0.00,0.00
22.03.2013 12:56:55.140,454.200,454.040,0.00,0.00
22.03.2013 12:57:00.609,454.200,454.030,0.00,0.00
22.03.2013 12:57:01.203,454.200,454.040,0.00,0.00
22.03.2013 12:57:08.546,454.200,454.040,0.00,0.00
22.03.2013 12:57:10.640,454.200,454.050,0.00,0.00
22.03.2013 12:57:12.593,454.200,454.040,0.00,0.00
22.03.2013 12:57:13.015,454.200,454.020,0.00,0.00
22.03.2013 12:57:13.656,454.200,454.030,0.00,0.00
22.03.2013 12:57:15.437,454.200,454.020,0.00,0.00
22.03.2013 12:57:16.250,454.200,454.030,0.00,0.00
22.03.2013 12:57:16.437,454.200,454.030,0.00,0.00
22.03.2013 12:57:17.484,454.200,454.020,0.00,0.00
22.03.2013 12:57:54.453,454.200,454.030,0.00,0.00
22.03.2013 12:57:55.281,454.200,454.020,0.00,0.00
22.03.2013 12:58:01.750,454.200,454.060,0.00,0.00
22.03.2013 12:58:05.843,454.200,454.070,0.00,0.00
22.03.2013 12:58:07.093,454.200,454.060,0.00,0.00
22.03.2013 12:58:12.500,454.200,454.120,0.00,0.00
22.03.2013 12:58:12.562,454.200,454.120,0.00,0.00
22.03.2013 12:58:12.578,454.240,454.120,0.00,0.00
22.03.2013 12:58:22.078,454.380,454.200,0.00,0.00
22.03.2013 12:58:27.328,454.390,454.120,0.00,0.00
22.03.2013 12:58:28.546,454.500,454.130,0.00,0.00
22.03.2013 12:58:30.015,454.500,454.120,0.00,0.00
22.03.2013 12:58:31.015,454.500,454.130,0.00,0.00
22.03.2013 12:58:33.640,454.500,454.120,0.00,0.00
22.03.2013 12:58:34.078,454.500,454.140,0.00,0.00
22.03.2013 12:58:34.468,454.500,454.140,0.00,0.00
22.03.2013 12:58:35.265,454.500,454.140,0.00,0.00
22.03.2013 12:58:35.281,454.500,454.120,0.00,0.00
22.03.2013 12:58:35.906,454.500,454.130,0.00,0.00
22.03.2013 12:58:38.109,454.500,454.120,0.00,0.00
22.03.2013 12:58:38.734,454.500,454.130,0.00,0.00
22.03.2013 12:58:41.578,454.500,454.120,0.00,0.00
22.03.2013 12:58:42.359,454.500,454.130,0.00,0.00
22.03.2013 12:58:47.093,454.500,454.120,0.00,0.00
22.03.2013 12:58:47.656,454.500,454.130,0.00,0.00
22.03.2013 12:58:51.093,454.500,454.120,0.00,0.00
22.03.2013 12:58:51.921,454.500,454.130,0.00,0.00
22.03.2013 12:58:53.000,454.500,454.120,0.00,0.00
22.03.2013 12:58:53.562,454.500,454.130,0.00,0.00
22.03.2013 12:58:56.593,454.500,454.120,0.00,0.00
22.03.2013 12:58:57.015,454.500,454.130,0.00,0.00
22.03.2013 12:58:58.625,454.500,454.120,0.00,0.00
22.03.2013 12:58:59.078,454.500,454.130,0.00,0.00
22.03.2013 12:59:01.312,454.500,454.120,0.00,0.00
22.03.2013 12:59:16.812,454.500,454.100,0.00,0.00
22.03.2013 12:59:20.156,454.500,454.200,0.00,0.00
22.03.2013 12:59:44.562,454.300,454.200,0.00,0.00
22.03.2013 12:59:50.625,454.300,454.220,0.00,0.00
22.03.2013 13:00:09.312,454.300,454.220,0.00,0.00
22.03.2013 13:00:09.906,454.340,454.220,0.00,0.00
22.03.2013 13:00:09.921,454.400,454.220,0.00,0.00
22.03.2013 13:00:33.328,454.480,454.220,0.00,0.00
22.03.2013 13:00:35.515,454.470,454.220,0.00,0.00
22.03.2013 13:00:36.921,454.480,454.220,0.00,0.00
22.03.2013 13:00:37.343,454.470,454.220,0.00,0.00
22.03.2013 13:00:38.140,454.480,454.220,0.00,0.00
22.03.2013 13:00:38.625,454.470,454.220,0.00,0.00
22.03.2013 13:00:39.390,454.480,454.220,0.00,0.00
22.03.2013 13:00:39.609,454.470,454.220,0.00,0.00
22.03.2013 13:00:40.406,454.480,454.220,0.00,0.00
22.03.2013 13:00:40.796,454.470,454.220,0.00,0.00
22.03.2013 13:00:41.421,454.480,454.220,0.00,0.00
22.03.2013 13:00:41.843,454.470,454.220,0.00,0.00
22.03.2013 13:00:42.468,454.480,454.220,0.00,0.00
22.03.2013 13:00:43.218,454.470,454.220,0.00,0.00
22.03.2013 13:00:43.671,454.480,454.220,0.00,0.00
22.03.2013 13:00:44.468,454.470,454.220,0.00,0.00
22.03.2013 13:00:44.546,454.470,454.200,0.00,0.00
22.03.2013 13:00:44.953,454.480,454.220,0.00,0.00
22.03.2013 13:00:45.484,454.470,454.220,0.00,0.00
22.03.2013 13:00:46.078,454.480,454.220,0.00,0.00
22.03.2013 13:00:46.453,454.470,454.220,0.00,0.00
22.03.2013 13:00:46.906,454.480,454.220,0.00,0.00
22.03.2013 13:00:47.500,454.470,454.220,0.00,0.00
22.03.2013 13:00:47.828,454.470,454.300,0.00,0.00
22.03.2013 13:00:48.109,454.480,454.300,0.00,0.00
22.03.2013 13:00:48.656,454.470,454.300,0.00,0.00
22.03.2013 13:00:49.156,454.480,454.300,0.00,0.00
22.03.2013 13:00:51.125,454.470,454.300,0.00,0.00
22.03.2013 13:00:51.453,454.480,454.300,0.00,0.00
22.03.2013 13:01:03.375,454.470,454.300,0.00,0.00
22.03.2013 13:01:03.781,454.480,454.300,0.00,0.00
22.03.2013 13:01:04.375,454.470,454.300,0.00,0.00
22.03.2013 13:01:05.171,454.480,454.300,0.00,0.00
22.03.2013 13:01:05.406,454.470,454.300,0.00,0.00
22.03.2013 13:01:05.984,454.480,454.300,0.00,0.00
22.03.2013 13:01:35.281,454.480,454.300,0.00,0.00
22.03.2013 13:01:38.890,454.480,454.300,0.00,0.00
22.03.2013 13:02:14.890,454.480,454.300,0.00,0.00
22.03.2013 13:02:22.984,454.480,454.170,0.00,0.00
22.03.2013 13:02:23.000,454.480,454.050,0.00,0.00
22.03.2013 13:02:30.531,454.480,454.020,0.00,0.00
22.03.2013 13:02:39.671,454.480,454.020,0.00,0.00
22.03.2013 13:02:47.390,454.480,454.020,0.00,0.00
22.03.2013 13:02:55.296,454.480,454.030,0.00,0.00
22.03.2013 13:02:58.187,454.480,454.020,0.00,0.00
22.03.2013 13:03:02.843,454.480,454.030,0.00,0.00
22.03.2013 13:03:03.859,454.410,454.030,0.00,0.00
22.03.2013 13:03:32.328,454.350,454.030,0.00,0.00
22.03.2013 13:03:59.906,454.350,454.020,0.00,0.00
22.03.2013 13:04:12.359,454.350,454.020,0.00,0.00
22.03.2013 13:04:35.062,454.350,454.020,0.00,0.00
22.03.2013 13:04:54.218,454.350,454.020,0.00,0.00
22.03.2013 13:05:28.343,454.350,454.020,0.00,0.00
22.03.2013 13:05:43.109,454.350,454.020,0.00,0.00
22.03.2013 13:06:09.562,454.350,454.020,0.00,0.00
22.03.2013 13:06:19.875,454.350,454.020,0.00,0.00
22.03.2013 13:06:20.265,454.350,454.000,0.00,0.00
22.03.2013 13:06:20.687,454.350,454.000,0.00,0.00
22.03.2013 13:06:20.703,454.350,454.000,0.00,0.00
22.03.2013 13:06:21.546,454.350,454.000,0.00,0.00
22.03.2013 13:06:21.609,454.350,454.000,0.00,0.00
22.03.2013 13:06:21.625,454.350,454.000,0.00,0.00
22.03.2013 13:06:21.671,454.350,454.000,0.00,0.00
22.03.2013 13:06:21.687,454.350,454.000,0.00,0.00
22.03.2013 13:06:21.890,454.350,454.000,0.00,0.00
22.03.2013 13:06:22.312,454.350,454.000,0.00,0.00
22.03.2013 13:06:23.046,454.290,454.000,0.00,0.00
22.03.2013 13:06:26.703,454.290,454.000,0.00,0.00
22.03.2013 13:06:26.718,454.350,454.000,0.00,0.00
22.03.2013 13:06:27.406,454.290,454.000,0.00,0.00
22.03.2013 13:06:30.625,454.290,454.000,0.00,0.00
22.03.2013 13:06:30.640,454.350,454.000,0.00,0.00
22.03.2013 13:06:34.906,454.350,454.000,0.00,0.00
22.03.2013 13:06:35.921,454.290,454.000,0.00,0.00
22.03.2013 13:06:44.656,454.350,454.000,0.00,0.00
22.03.2013 13:06:56.640,454.350,454.000,0.00,0.00
22.03.2013 13:07:14.109,454.350,454.010,0.00,0.00
22.03.2013 13:07:24.281,454.250,454.010,0.00,0.00
22.03.2013 13:07:26.078,454.250,454.010,0.00,0.00
22.03.2013 13:07:26.125,454.350,454.000,0.00,0.00
22.03.2013 13:07:31.156,454.200,454.000,0.00,0.00
22.03.2013 13:07:34.218,454.350,454.000,0.00,0.00
22.03.2013 13:07:35.328,454.350,454.000,0.00,0.00
22.03.2013 13:07:35.343,454.350,454.000,0.00,0.00
22.03.2013 13:07:37.687,454.280,454.000,0.00,0.00
22.03.2013 13:07:41.109,454.200,454.000,0.00,0.00
22.03.2013 13:07:44.781,454.190,454.000,0.00,0.00
22.03.2013 13:07:44.968,454.190,454.000,0.00,0.00
22.03.2013 13:07:45.171,454.190,454.000,0.00,0.00
22.03.2013 13:07:46.218,454.190,454.000,0.00,0.00
22.03.2013 13:07:47.828,454.190,454.000,0.00,0.00
22.03.2013 13:07:47.843,454.190,453.905,0.00,0.00
22.03.2013 13:07:48.281,454.190,453.750,0.00,0.00
22.03.2013 13:07:48.296,454.280,453.750,0.00,0.00
22.03.2013 13:07:50.671,454.280,453.760,0.00,0.00
22.03.2013 13:08:13.828,454.100,453.760,0.00,0.00
22.03.2013 13:08:20.171,454.280,453.760,0.00,0.00
22.03.2013 13:08:23.765,454.280,453.980,0.00,0.00
22.03.2013 13:08:25.796,454.280,453.980,0.00,0.00
22.03.2013 13:08:26.437,454.270,453.980,0.00,0.00
22.03.2013 13:08:28.671,454.230,453.980,0.00,0.00
22.03.2013 13:08:29.671,454.220,453.980,0.00,0.00
22.03.2013 13:08:31.906,454.220,454.000,0.00,0.00
22.03.2013 13:08:33.359,454.220,454.000,0.00,0.00
22.03.2013 13:08:33.953,454.230,453.980,0.00,0.00
22.03.2013 13:08:37.203,454.350,453.980,0.00,0.00
22.03.2013 13:08:38.890,454.350,453.760,0.00,0.00
22.03.2013 13:08:41.281,454.270,453.760,0.00,0.00
22.03.2013 13:08:44.093,454.170,453.760,0.00,0.00
22.03.2013 13:08:58.171,454.270,453.760,0.00,0.00
22.03.2013 13:09:02.562,454.070,453.750,0.00,0.00
22.03.2013 13:09:54.390,454.070,453.760,0.00,0.00
22.03.2013 13:09:57.843,454.070,453.750,0.00,0.00
22.03.2013 13:09:59.140,454.070,453.760,0.00,0.00
22.03.2013 13:10:07.562,454.240,453.760,0.00,0.00
22.03.2013 13:10:07.578,454.270,453.760,0.00,0.00
22.03.2013 13:10:07.656,454.270,453.760,0.00,0.00
22.03.2013 13:11:05.171,454.270,453.770,0.00,0.00
22.03.2013 13:11:07.187,454.270,453.770,0.00,0.00
22.03.2013 13:11:19.093,454.270,453.800,0.00,0.00
22.03.2013 13:11:29.250,454.000,453.800,0.00,0.00
